<?xml version="1.0" encoding="UTF-8"?>
<!DOCTYPE html PUBLIC "-//W3C//DTD XHTML 1.0 Transitional//EN"
    "http://www.w3.org/TR/xhtml1/DTD/xhtml1-transitional.dtd">
<html xmlns="http://www.w3.org/1999/xhtml" xml:lang="en" lang="en">
 <head>
  <title>
</title>
<meta http-equiv="Content-Type" content="text/html;charset=utf-8" />
  <meta name='ocr-system' content='tesseract 3.04.00' />
  <meta name='ocr-capabilities' content='ocr_page ocr_carea ocr_par ocr_line ocrx_word'/>
</head>
<body>
  <div class='ocr_page' id='page_1' title='image "./deioannescotoer01unkngoog_0080.png"; bbox 0 0 3010 4946; ppageno 0'>
   <div class='ocr_carea' id='block_1_1' title="bbox 1155 459 1193 522">
    <p class='ocr_par' dir='ltr' id='par_1_1' title="bbox 1155 459 1193 522">
     <span class='ocr_line' id='line_1_1' title="bbox 1155 459 1193 522; baseline -0.053 0"><span class='ocrx_word' id='word_1_1' title='bbox 1155 459 1193 522; x_wconf 83' lang='lat'><strong>71</strong></span> 
     </span>
    </p>
   </div>
   <div class='ocr_carea' id='block_1_2' title="bbox 153 639 1285 2738">
    <p class='ocr_par' dir='ltr' id='par_1_2' title="bbox 153 639 1285 2628">
     <span class='ocr_line' id='line_1_2' title="bbox 158 639 1200 721; baseline -0.001 -16"><span class='ocrx_word' id='word_1_2' title='bbox 158 641 312 705; x_wconf 84' lang='lat' dir='ltr'><strong>Eiusmodi</strong></span> <span class='ocrx_word' id='word_1_3' title='bbox 333 658 453 704; x_wconf 88' lang='lat' dir='ltr'><strong>errores</strong></span> <span class='ocrx_word' id='word_1_4' title='bbox 475 639 531 703; x_wconf 88' lang='lat' dir='ltr'><strong>illis</strong></span> <span class='ocrx_word' id='word_1_5' title='bbox 552 639 765 720; x_wconf 64' lang='lat' dir='ltr'><strong>scriptoribus,</strong></span> <span class='ocrx_word' id='word_1_6' title='bbox 800 657 840 702; x_wconf 87' lang='lat' dir='ltr'><strong>ex</strong></span> <span class='ocrx_word' id='word_1_7' title='bbox 860 655 983 721; x_wconf 81' lang='lat' dir='ltr'><strong>quorum</strong></span> <span class='ocrx_word' id='word_1_8' title='bbox 1005 657 1129 702; x_wconf 85' lang='lat' dir='ltr'><strong>numero</strong></span> <span class='ocrx_word' id='word_1_9' title='bbox 1152 647 1200 704; x_wconf 85' lang='lat' dir='ltr'><strong>est</strong></span> 
     </span>
     <span class='ocr_line' id='line_1_3' title="bbox 157 739 1199 822; baseline -0.003 -16"><span class='ocrx_word' id='word_1_10' title='bbox 157 743 340 818; x_wconf 87' lang='lat' dir='ltr'><strong>Guilielmus,</strong></span> <span class='ocrx_word' id='word_1_11' title='bbox 358 743 533 822; x_wconf 86' lang='lat' dir='ltr'><strong>saepissime</strong></span> <span class='ocrx_word' id='word_1_12' title='bbox 557 740 644 804; x_wconf 85' lang='lat' dir='ltr'><strong>ollusi</strong></span> <span class='ocrx_word' id='word_1_13' title='bbox 668 746 746 802; x_wconf 78' lang='lat' dir='ltr'><strong>sunt.</strong></span> <span class='ocrx_word' id='word_1_14' title='bbox 794 741 892 820; x_wconf 83' lang='lat' dir='ltr'><strong>Atque</strong></span> <span class='ocrx_word' id='word_1_15' title='bbox 922 739 1087 802; x_wconf 81' lang='lat' dir='ltr'><strong>faciliorem</strong></span> <span class='ocrx_word' id='word_1_16' title='bbox 1108 741 1199 804; x_wconf 85' lang='lat' dir='ltr'><strong>eliam</strong></span> 
     </span>
     <span class='ocr_line' id='line_1_4' title="bbox 155 839 1200 922; baseline -0.002 -17"><span class='ocrx_word' id='word_1_17' title='bbox 155 843 234 906; x_wconf 83' lang='lat' dir='ltr'><strong>haec</strong></span> <span class='ocrx_word' id='word_1_18' title='bbox 269 848 332 904; x_wconf 86' lang='lat' dir='ltr'><strong>tola</strong></span> <span class='ocrx_word' id='word_1_19' title='bbox 368 860 417 904; x_wconf 88' lang='lat' dir='ltr'><strong>res</strong></span> <span class='ocrx_word' id='word_1_20' title='bbox 451 842 627 921; x_wconf 86' lang='lat' dir='ltr'><strong>explicatum</strong></span> <span class='ocrx_word' id='word_1_21' title='bbox 660 841 766 922; x_wconf 86' lang='lat' dir='ltr'><strong>babel,</strong></span> <span class='ocrx_word' id='word_1_22' title='bbox 808 841 833 902; x_wconf 93' lang='lat' dir='ltr'><strong>si</strong></span> <span class='ocrx_word' id='word_1_23' title='bbox 864 840 1005 902; x_wconf 88' lang='lat' dir='ltr'><strong>loannem</strong></span> <span class='ocrx_word' id='word_1_24' title='bbox 1035 839 1143 922; x_wconf 90' lang='lat' dir='ltr'><strong>illum,·</strong></span> <span class='ocrx_word' id='word_1_25' title='bbox 1168 847 1200 903; x_wconf 91' lang='lat' dir='ltr'><strong>ut</strong></span> 
     </span>
     <span class='ocr_line' id='line_1_5' title="bbox 156 940 1198 1021; baseline -0.004 -15"><span class='ocrx_word' id='word_1_26' title='bbox 156 951 306 1019; x_wconf 89' lang='lat' dir='ltr'><strong>nostrum,</strong></span> <span class='ocrx_word' id='word_1_27' title='bbox 335 943 491 1006; x_wconf 80' lang='lat' dir='ltr'><strong>Scotorum</strong></span> <span class='ocrx_word' id='word_1_28' title='bbox 511 944 609 1021; x_wconf 83' lang='lat' dir='ltr'><strong>gentis</strong></span> <span class='ocrx_word' id='word_1_29' title='bbox 630 940 723 1003; x_wconf 88' lang='lat' dir='ltr'><strong>luisse</strong></span> <span class='ocrx_word' id='word_1_30' title='bbox 743 940 913 1002; x_wconf 78' lang='lat' dir='ltr'><strong>fecerimus.</strong></span> <span class='ocrx_word' id='word_1_31' title='bbox 954 941 1070 1002; x_wconf 85' lang='lat' dir='ltr'><strong>Scimus</strong></span> <span class='ocrx_word' id='word_1_32' title='bbox 1088 947 1198 1016; x_wconf 86' lang='lat' dir='ltr'><strong>autem,</strong></span> 
     </span>
     <span class='ocr_line' id='line_1_6' title="bbox 153 1039 1197 1119; baseline -0.002 -14"><span class='ocrx_word' id='word_1_33' title='bbox 153 1046 312 1106; x_wconf 81' lang='lat' dir='ltr'><strong>maximam</strong></span> <span class='ocrx_word' id='word_1_34' title='bbox 334 1059 370 1104; x_wconf 88' lang='lat' dir='ltr'><strong>ea</strong></span> <span class='ocrx_word' id='word_1_35' title='bbox 394 1048 491 1103; x_wconf 83' lang='lat' dir='ltr'><strong>aelate</strong></span> <span class='ocrx_word' id='word_1_36' title='bbox 513 1043 668 1105; x_wconf 86' lang='lat' dir='ltr'><strong>doctorum</strong></span> <span class='ocrx_word' id='word_1_37' title='bbox 699 1042 848 1104; x_wconf 91' lang='lat' dir='ltr'><strong>bominum</strong></span> <span class='ocrx_word' id='word_1_38' title='bbox 884 1039 1110 1118; x_wconf 75' lang='lat' dir='ltr'><strong>multitudinem,</strong></span> <span class='ocrx_word' id='word_1_39' title='bbox 1146 1041 1197 1119; x_wconf 81' lang='lat' dir='ltr'><strong>qui</strong></span> 
     </span>
     <span class='ocr_line' id='line_1_7' title="bbox 155 1139 1199 1224; baseline -0.007 -17"><span class='ocrx_word' id='word_1_40' title='bbox 155 1146 312 1207; x_wconf 89' lang='lat' dir='ltr'><strong>Scotorum</strong></span> <span class='ocrx_word' id='word_1_41' title='bbox 334 1145 433 1224; x_wconf 78' lang='lat' dir='ltr'><strong>gentis</strong></span> <span class='ocrx_word' id='word_1_42' title='bbox 453 1149 571 1219; x_wconf 86' lang='lat' dir='ltr'><strong>essent,</strong></span> <span class='ocrx_word' id='word_1_43' title='bbox 602 1142 772 1222; x_wconf 62' lang='lat' dir='ltr'><strong>praecipuev</strong></span> <span class='ocrx_word' id='word_1_44' title='bbox 797 1159 836 1202; x_wconf 89' lang='lat' dir='ltr'><strong>ex</strong></span> <span class='ocrx_word' id='word_1_45' title='bbox 863 1140 1003 1202; x_wconf 88' lang='lat' dir='ltr'><strong>iliberiria</strong></span> <span class='ocrx_word' id='word_1_46' title='bbox 1032 1139 1199 1219; x_wconf 86' lang='lat' dir='ltr'><strong>protectos,</strong></span> 
     </span>
     <span class='ocr_line' id='line_1_8' title="bbox 157 1239 1203 1324; baseline -0.004 -18"><span class='ocrx_word' id='word_1_47' title='bbox 157 1246 187 1306; x_wconf 92' lang='lat' dir='ltr'><strong>in</strong></span> <span class='ocrx_word' id='word_1_48' title='bbox 210 1244 330 1324; x_wconf 81' lang='lat' dir='ltr'><strong>Anglia,</strong></span> <span class='ocrx_word' id='word_1_49' title='bbox 354 1242 446 1306; x_wconf 85' lang='lat' dir='ltr'><strong>Gallia</strong></span> <span class='ocrx_word' id='word_1_50' title='bbox 469 1243 646 1319; x_wconf 68' lang='lat' dir='ltr'><strong>vixisseu).</strong></span> <span class='ocrx_word' id='word_1_51' title='bbox 672 1277 709 1290; x_wconf 87' lang='lat'><em>-</em></span> <span class='ocrx_word' id='word_1_52' title='bbox 733 1242 798 1304; x_wconf 88' lang='lat' dir='ltr'><strong>lluo</strong></span> <span class='ocrx_word' id='word_1_53' title='bbox 827 1242 963 1316; x_wconf 86' lang='lat' dir='ltr'><strong>accedit,</strong></span> <span class='ocrx_word' id='word_1_54' title='bbox 992 1239 1072 1320; x_wconf 85' lang='lat' dir='ltr'><strong>quod</strong></span> <span class='ocrx_word' id='word_1_55' title='bbox 1105 1241 1203 1302; x_wconf 84' lang='lat' dir='ltr'><strong>maius</strong></span> 
     </span>
     <span class='ocr_line' id='line_1_9' title="bbox 157 1339 1199 1422; baseline -0.005 -16"><span class='ocrx_word' id='word_1_56' title='bbox 157 1347 245 1406; x_wconf 84' lang='lat' dir='ltr'><strong>etium</strong></span> <span class='ocrx_word' id='word_1_57' title='bbox 270 1349 333 1422; x_wconf 82' lang='lat' dir='ltr'><strong>est,</strong></span> <span class='ocrx_word' id='word_1_58' title='bbox 363 1349 397 1404; x_wconf 88' lang='grc' dir='ltr'><strong>ιιι</strong></span> <span class='ocrx_word' id='word_1_59' title='bbox 417 1343 540 1404; x_wconf 88' lang='lat' dir='ltr'><strong>annales</strong></span> <span class='ocrx_word' id='word_1_60' title='bbox 563 1342 711 1404; x_wconf 89' lang='lat' dir='ltr'><strong>llidenses</strong></span> <span class='ocrx_word' id='word_1_61' title='bbox 733 1339 852 1404; x_wconf 89' lang='lat' dir='ltr'><strong>disertis</strong></span> <span class='ocrx_word' id='word_1_62' title='bbox 873 1341 973 1402; x_wconf 87' lang='lat' dir='ltr'><strong>verbis</strong></span> <span class='ocrx_word' id='word_1_63' title='bbox 994 1341 1199 1417; x_wconf 63' lang='lat' dir='ltr'><strong>resumatur,</strong></span> 
     </span>
     <span class='ocr_line' id='line_1_10' title="bbox 157 1421 1215 1522; baseline -0.006 -16"><span class='ocrx_word' id='word_1_64' title='bbox 157 1445 251 1506; x_wconf 88' lang='lat' dir='ltr'><strong>luisse</strong></span> <span class='ocrx_word' id='word_1_65' title='bbox 273 1444 445 1518; x_wconf 82' lang='lat' dir='ltr'><strong>intereos,</strong></span> <span class='ocrx_word' id='word_1_66' title='bbox 478 1443 528 1522; x_wconf 84' lang='lat' dir='ltr'><strong>qui</strong></span> <span class='ocrx_word' id='word_1_67' title='bbox 557 1442 611 1504; x_wconf 89' lang='lat' dir='ltr'><strong>sub</strong></span> <span class='ocrx_word' id='word_1_68' title='bbox 643 1440 768 1503; x_wconf 90' lang='lat' dir='ltr'><strong>All&#39;redo</strong></span> <span class='ocrx_word' id='word_1_69' title='bbox 788 1458 861 1521; x_wconf 84' lang='lat' dir='ltr'><strong>rege</strong></span> <span class='ocrx_word' id='word_1_70' title='bbox 883 1421 993 1502; x_wconf 75' lang='lat' dir='ltr'><strong>Oxonii</strong></span> <span class='ocrx_word' id='word_1_71' title='bbox 1016 1439 1215 1500; x_wconf 83' lang='lat' dir='ltr'><strong>iuventutem·</strong></span> 
     </span>
     <span class='ocr_line' id='line_1_11' title="bbox 155 1531 1199 1622; baseline -0.006 -16"><span class='ocrx_word' id='word_1_72' title='bbox 155 1544 354 1606; x_wconf 86' lang='lat' dir='ltr'><strong>instituissent</strong></span> <span class='ocrx_word' id='word_1_73' title='bbox 373 1543 403 1603; x_wconf 93' lang='lat' dir='ltr'><strong>in</strong></span> <span class='ocrx_word' id='word_1_74' title='bbox 425 1542 537 1605; x_wconf 88' lang='lat' dir='ltr'><strong>artibus</strong></span> <span class='ocrx_word' id='word_1_75' title='bbox 559 1531 688 1622; x_wconf 86' lang='lat' dir='ltr'><strong>optimis,</strong></span> <span class='ocrx_word' id='word_1_76' title='bbox 709 1547 829 1620; x_wconf 86' lang='lat' dir='ltr'><strong>praeter</strong></span> <span class='ocrx_word' id='word_1_77' title='bbox 850 1537 927 1602; x_wconf 90' lang='lat' dir='ltr'><strong>illum</strong></span> <span class='ocrx_word' id='word_1_78' title='bbox 949 1539 1090 1602; x_wconf 87' lang='lat' dir='ltr'><strong>loannem</strong></span> <span class='ocrx_word' id='word_1_79' title='bbox 1104 1537 1199 1600; x_wconf 89' lang='lat' dir='ltr'><strong>Eald-</strong></span> 
     </span>
     <span class='ocr_line' id='line_1_12' title="bbox 160 1639 1241 1728; baseline -0.006 -22"><span class='ocrx_word' id='word_1_80' title='bbox 160 1663 302 1706; x_wconf 86' lang='lat' dir='ltr'><strong>saxonem</strong></span> <span class='ocrx_word' id='word_1_81' title='bbox 314 1647 365 1724; x_wconf 74' lang='grc'><strong>37),</strong></span> <span class='ocrx_word' id='word_1_82' title='bbox 400 1643 438 1704; x_wconf 90' lang='lat' dir='ltr'><strong>de</strong></span> <span class='ocrx_word' id='word_1_83' title='bbox 468 1660 528 1722; x_wconf 88' lang='lat' dir='ltr'><strong>quo</strong></span> <span class='ocrx_word' id='word_1_84' title='bbox 559 1660 647 1721; x_wconf 89' lang='lat' dir='ltr'><strong>snpra</strong></span> <span class='ocrx_word' id='word_1_85' title='bbox 677 1642 731 1704; x_wconf 87' lang='lat' dir='ltr'><strong>luit</strong></span> <span class='ocrx_word' id='word_1_86' title='bbox 762 1641 896 1714; x_wconf 83' lang='lat' dir='ltr'><strong>mentio,</strong></span> <span class='ocrx_word' id='word_1_87' title='bbox 926 1640 1015 1702; x_wconf 88' lang='lat' dir='ltr'><strong>etiarn</strong></span> <span class='ocrx_word' id='word_1_88' title='bbox 1044 1639 1198 1718; x_wconf 90' lang='lat' dir='ltr'><strong>loannem,</strong></span> <span class='ocrx_word' id='word_1_89' title='bbox 1238 1722 1241 1728; x_wconf 20' lang='grc'>1</span> 
     </span>
     <span class='ocr_line' id='line_1_13' title="bbox 159 1741 1200 1820; baseline -0.002 -16"><span class='ocrx_word' id='word_1_90' title='bbox 159 1743 307 1805; x_wconf 82' lang='lat' dir='ltr'><strong>ecciesiae</strong></span> <span class='ocrx_word' id='word_1_91' title='bbox 325 1743 515 1805; x_wconf 72' lang='lat' dir='ltr'><strong>menevensis</strong></span> <span class='ocrx_word' id='word_1_92' title='bbox 544 1742 731 1804; x_wconf 87' lang='lat' dir='ltr'><strong>monachum.</strong></span> <span class='ocrx_word' id='word_1_93' title='bbox 775 1742 909 1804; x_wconf 86' lang='lat' dir='ltr'><strong>Potuitne</strong></span> <span class='ocrx_word' id='word_1_94' title='bbox 939 1759 1015 1820; x_wconf 81' lang='lat' dir='ltr'><strong>ergo</strong></span> <span class='ocrx_word' id='word_1_95' title='bbox 1046 1741 1131 1818; x_wconf 87' lang='lat' dir='ltr'><strong>lieri,</strong></span> <span class='ocrx_word' id='word_1_96' title='bbox 1167 1747 1200 1802; x_wconf 86' lang='lat' dir='ltr'><strong>ut</strong></span> 
     </span>
     <span class='ocr_line' id='line_1_14' title="bbox 156 1839 1199 1922; baseline -0.004 -16"><span class='ocrx_word' id='word_1_97' title='bbox 156 1843 297 1906; x_wconf 86' lang='lat' dir='ltr'><strong>Allredns</strong></span> <span class='ocrx_word' id='word_1_98' title='bbox 334 1843 412 1904; x_wconf 89' lang='lat' dir='ltr'><strong>bunc</strong></span> <span class='ocrx_word' id='word_1_99' title='bbox 445 1845 563 1922; x_wconf 91' lang='lat' dir='ltr'><strong>ipsum,</strong></span> <span class='ocrx_word' id='word_1_100' title='bbox 604 1841 782 1922; x_wconf 79' lang='lat' dir='ltr'><strong>aliquamdiu</strong></span> <span class='ocrx_word' id='word_1_101' title='bbox 820 1857 942 1904; x_wconf 87' lang='lat' dir='ltr'><strong>munere</strong></span> <span class='ocrx_word' id='word_1_102' title='bbox 974 1839 1024 1903; x_wconf 93' lang='lat' dir='ltr'><strong>illo</strong></span> <span class='ocrx_word' id='word_1_103' title='bbox 1055 1840 1199 1919; x_wconf 86' lang='lat' dir='ltr'><strong>iunctum,</strong></span> 
     </span>
     <span class='ocr_line' id='line_1_15' title="bbox 156 1941 1198 2024; baseline -0.002 -19"><span class='ocrx_word' id='word_1_104' title='bbox 156 1943 403 2024; x_wconf 85' lang='lat' dir='ltr'><strong>quemadmodum</strong></span> <span class='ocrx_word' id='word_1_105' title='bbox 432 1941 581 2005; x_wconf 66' lang='lat' dir='ltr'><strong>⁴loannem</strong></span> <span class='ocrx_word' id='word_1_106' title='bbox 601 1943 821 2006; x_wconf 87' lang='lat' dir='ltr'><strong>Ealdsaxonem</strong></span> <span class='ocrx_word' id='word_1_107' title='bbox 842 1941 1117 2022; x_wconf 78' lang='lat' dir='ltr'><strong>bethelingiensem</strong></span> <span class='ocrx_word' id='word_1_108' title='bbox 1139 1941 1198 2003; x_wconf 91' lang='lat' dir='ltr'><strong>ab·</strong></span> 
     </span>
     <span class='ocr_line' id='line_1_16' title="bbox 155 2042 1199 2120; baseline -0.003 -13"><span class='ocrx_word' id='word_1_109' title='bbox 155 2045 255 2107; x_wconf 90' lang='lat' dir='ltr'><strong>batem</strong></span> <span class='ocrx_word' id='word_1_110' title='bbox 285 2045 451 2120; x_wconf 89' lang='lat' dir='ltr'><strong>constituit,</strong></span> <span class='ocrx_word' id='word_1_111' title='bbox 486 2044 526 2104; x_wconf 88' lang='lat' dir='ltr'><strong>ita</strong></span> <span class='ocrx_word' id='word_1_112' title='bbox 556 2044 586 2103; x_wconf 93' lang='lat' dir='ltr'><strong>in</strong></span> <span class='ocrx_word' id='word_1_113' title='bbox 613 2043 877 2104; x_wconf 86' lang='lat' dir='ltr'><strong>blalmesburiense</strong></span> <span class='ocrx_word' id='word_1_114' title='bbox 898 2042 1076 2104; x_wconf 86' lang='lat' dir='ltr'><strong>coenobium</strong></span> <span class='ocrx_word' id='word_1_115' title='bbox 1097 2044 1199 2104; x_wconf 87' lang='lat' dir='ltr'><strong>milte-</strong></span> 
     </span>
     <span class='ocr_line' id='line_1_17' title="bbox 155 2141 1285 2227; baseline -0.003 -20"><span class='ocrx_word' id='word_1_116' title='bbox 155 2145 229 2207; x_wconf 79' lang='lat' dir='ltr'><strong>ret‘?</strong></span> <span class='ocrx_word' id='word_1_117' title='bbox 247 2181 286 2192; x_wconf 87' lang='lat'><em>-</em></span> <span class='ocrx_word' id='word_1_118' title='bbox 308 2143 441 2204; x_wconf 88' lang='lat' dir='ltr'><strong>Potuitne</strong></span> <span class='ocrx_word' id='word_1_119' title='bbox 462 2143 538 2221; x_wconf 87' lang='lat' dir='ltr'><strong>lieri,</strong></span> <span class='ocrx_word' id='word_1_120' title='bbox 562 2151 595 2204; x_wconf 87' lang='lat' dir='ltr'><strong>ul</strong></span> <span class='ocrx_word' id='word_1_121' title='bbox 617 2143 665 2204; x_wconf 91' lang='lat' dir='ltr'><strong>bic</strong></span> <span class='ocrx_word' id='word_1_122' title='bbox 688 2142 763 2222; x_wconf 90' lang='lat' dir='ltr'><strong>ipse,</strong></span> <span class='ocrx_word' id='word_1_123' title='bbox 785 2160 875 2227; x_wconf 80' lang='lat' dir='ltr'><strong>quum</strong></span> <span class='ocrx_word' id='word_1_124' title='bbox 894 2141 1011 2204; x_wconf 87' lang='lat' dir='ltr'><strong>dicotur</strong></span> <span class='ocrx_word' id='word_1_125' title='bbox 1031 2142 1198 2204; x_wconf 86' lang='lat' dir='ltr'><strong>monachus</strong></span> <span class='ocrx_word' id='word_1_126' title='bbox 1283 2187 1285 2194; x_wconf 83' lang='lat'>-</span> 
     </span>
     <span class='ocr_line' id='line_1_18' title="bbox 155 2241 1198 2324; baseline -0.001 -19"><span class='ocrx_word' id='word_1_127' title='bbox 155 2242 306 2305; x_wconf 91' lang='lat' dir='ltr'><strong>ecclesiae</strong></span> <span class='ocrx_word' id='word_1_128' title='bbox 325 2243 526 2320; x_wconf 85' lang='lat' dir='ltr'><strong>Menevensis,</strong></span> <span class='ocrx_word' id='word_1_129' title='bbox 551 2244 640 2304; x_wconf 90' lang='lat' dir='ltr'><strong>etiam</strong></span> <span class='ocrx_word' id='word_1_130' title='bbox 661 2245 768 2306; x_wconf 88' lang='lat' dir='ltr'><strong>Scotus</strong></span> <span class='ocrx_word' id='word_1_131' title='bbox 786 2242 834 2304; x_wconf 90' lang='lat' dir='ltr'><strong>vel</strong></span> <span class='ocrx_word' id='word_1_132' title='bbox 855 2250 952 2320; x_wconf 82' lang='lat' dir='ltr'><strong>esset,</strong></span> <span class='ocrx_word' id='word_1_133' title='bbox 984 2243 1032 2304; x_wconf 88' lang='lat' dir='ltr'><strong>vel</strong></span> <span class='ocrx_word' id='word_1_134' title='bbox 1063 2241 1198 2324; x_wconf 89' lang='lat' dir='ltr'><strong>appella-</strong></span> 
     </span>
     <span class='ocr_line' id='line_1_19' title="bbox 155 2343 1193 2423; baseline -0.001 -17"><span class='ocrx_word' id='word_1_135' title='bbox 155 2344 262 2406; x_wconf 79' lang='lat' dir='ltr'><strong>retur?</strong></span> <span class='ocrx_word' id='word_1_136' title='bbox 282 2379 317 2392; x_wconf 94' lang='lat'>-</span> <span class='ocrx_word' id='word_1_137' title='bbox 344 2344 432 2406; x_wconf 78' lang='lat' dir='ltr'><strong>Certe</strong></span> <span class='ocrx_word' id='word_1_138' title='bbox 455 2345 532 2404; x_wconf 91' lang='lat' dir='ltr'><strong>enim</strong></span> <span class='ocrx_word' id='word_1_139' title='bbox 552 2343 884 2420; x_wconf 56' lang='lat' dir='ltr'><strong>meminimuspdoeere</strong></span> <span class='ocrx_word' id='word_1_140' title='bbox 906 2361 962 2404; x_wconf 91' lang='lat' dir='ltr'><strong>nos</strong></span> <span class='ocrx_word' id='word_1_141' title='bbox 991 2360 1079 2423; x_wconf 92' lang='lat' dir='ltr'><strong>supra</strong></span> <span class='ocrx_word' id='word_1_142' title='bbox 1110 2353 1193 2422; x_wconf 90' lang='lat' dir='ltr'><strong>(cap.</strong></span> 
     </span>
     <span class='ocr_line' id='line_1_20' title="bbox 156 2443 1196 2525; baseline 0.003 -19"><span class='ocrx_word' id='word_1_143' title='bbox 156 2445 190 2506; x_wconf 96' lang='lat' dir='ltr'><strong>ll.</strong></span> <span class='ocrx_word' id='word_1_144' title='bbox 214 2450 274 2504; x_wconf 88' lang='lat' dir='ltr'><strong>nol.</strong></span> <span class='ocrx_word' id='word_1_145' title='bbox 296 2445 399 2507; x_wconf 52' lang='lat' dir='ltr'><strong>luvet</strong></span> <span class='ocrx_word' id='word_1_146' title='bbox 421 2462 486 2523; x_wconf 84' lang='lat' dir='ltr'><strong>cap.</strong></span> <span class='ocrx_word' id='word_1_147' title='bbox 510 2443 566 2520; x_wconf 87' lang='lat' dir='ltr'><strong>L),</strong></span> <span class='ocrx_word' id='word_1_148' title='bbox 597 2444 749 2506; x_wconf 89' lang='lat' dir='ltr'><strong>habitasse</strong></span> <span class='ocrx_word' id='word_1_149' title='bbox 770 2444 873 2523; x_wconf 91' lang='lat' dir='ltr'><strong>procul</strong></span> <span class='ocrx_word' id='word_1_150' title='bbox 897 2445 986 2506; x_wconf 90' lang='lat' dir='ltr'><strong>dubio</strong></span> <span class='ocrx_word' id='word_1_151' title='bbox 1007 2446 1036 2505; x_wconf 93' lang='lat' dir='ltr'><strong>in</strong></span> <span class='ocrx_word' id='word_1_152' title='bbox 1060 2443 1107 2506; x_wconf 92' lang='lat' dir='ltr'><strong>illa</strong></span> <span class='ocrx_word' id='word_1_153' title='bbox 1132 2449 1196 2525; x_wconf 89' lang='lat' dir='ltr'><strong>ipsa</strong></span> 
     </span>
     <span class='ocr_line' id='line_1_21' title="bbox 160 2545 1197 2628; baseline 0.003 -21"><span class='ocrx_word' id='word_1_154' title='bbox 160 2547 282 2628; x_wconf 82' lang='lat' dir='ltr'><strong>regione</strong></span> <span class='ocrx_word' id='word_1_155' title='bbox 300 2547 474 2608; x_wconf 86' lang='lat' dir='ltr'><strong>llenevensi</strong></span> <span class='ocrx_word' id='word_1_156' title='bbox 493 2545 629 2607; x_wconf 87' lang='lat' dir='ltr'><strong>homines</strong></span> <span class='ocrx_word' id='word_1_157' title='bbox 649 2548 768 2623; x_wconf 81' lang='lat' dir='ltr'><strong>scotos,</strong></span> <span class='ocrx_word' id='word_1_158' title='bbox 789 2552 877 2626; x_wconf 85' lang='lat' dir='ltr'><strong>alque</strong></span> <span class='ocrx_word' id='word_1_159' title='bbox 897 2546 973 2608; x_wconf 86' lang='lat' dir='ltr'><strong>odeo</strong></span> <span class='ocrx_word' id='word_1_160' title='bbox 994 2547 1114 2608; x_wconf 87' lang='lat' dir='ltr'><strong>Scotum</strong></span> <span class='ocrx_word' id='word_1_161' title='bbox 1137 2563 1197 2610; x_wconf 86' lang='lat' dir='ltr'><strong>no-</strong></span> 
     </span>
    </p>

    <p class='ocr_par' dir='ltr' id='par_1_3' title="bbox 161 2637 1283 2738">
     <span class='ocr_line' id='line_1_22' title="bbox 161 2637 1283 2738; baseline -0.002 -28"><span class='ocrx_word' id='word_1_162' title='bbox 161 2653 247 2710; x_wconf 85' lang='lat' dir='ltr'><strong>strum</strong></span> <span class='ocrx_word' id='word_1_163' title='bbox 268 2646 377 2709; x_wconf 86' lang='lat' dir='ltr'><strong>ibidem</strong></span> <span class='ocrx_word' id='word_1_164' title='bbox 399 2647 454 2724; x_wconf 80' lang='lat' dir='ltr'><strong>(cl.</strong></span> <span class='ocrx_word' id='word_1_165' title='bbox 476 2665 541 2727; x_wconf 86' lang='lat' dir='ltr'><strong>cap.</strong></span> <span class='ocrx_word' id='word_1_166' title='bbox 564 2647 602 2725; x_wconf 89' lang='lat' dir='ltr'><strong>ll.</strong></span> <span class='ocrx_word' id='word_1_167' title='bbox 623 2653 685 2708; x_wconf 82' lang='lat' dir='ltr'><strong>nol.</strong></span> <span class='ocrx_word' id='word_1_168' title='bbox 708 2647 775 2724; x_wconf 73' lang='lat'><strong>90.)</strong></span> <span class='ocrx_word' id='word_1_169' title='bbox 797 2653 895 2708; x_wconf 91' lang='lat' dir='ltr'><strong>natum</strong></span> <span class='ocrx_word' id='word_1_170' title='bbox 914 2646 1022 2709; x_wconf 88' lang='lat' dir='ltr'><strong>videri.</strong></span> <span class='ocrx_word' id='word_1_171' title='bbox 1043 2686 1084 2738; x_wconf 83' lang='lat'><strong>··.</strong></span> <span class='ocrx_word' id='word_1_172' title='bbox 1153 2667 1156 2676; x_wconf 62' lang='lat'><strong>⁴</strong></span> <span class='ocrx_word' id='word_1_173' title='bbox 1278 2637 1283 2643; x_wconf 34' lang='lat'><strong>⁸</strong></span> 
     </span>
    </p>
   </div>
   <div class='ocr_carea' id='block_1_3' title="bbox 572 2835 774 2848">
    <p class='ocr_par' dir='ltr' id='par_1_4' title="bbox 572 2835 774 2848">
     <span class='ocr_line' id='line_1_23' title="bbox 572 2835 774 2848; baseline 0.015 -3"><span class='ocrx_word' id='word_1_174' title='bbox 572 2835 774 2848; x_wconf 64' lang='lat'><strong>——-</strong></span> 
     </span>
    </p>
   </div>
   <div class='ocr_carea' id='block_1_4' title="bbox 552 2949 749 3067">
    <p class='ocr_par' dir='ltr' id='par_1_5' title="bbox 552 2949 749 3067">
     <span class='ocr_line' id='line_1_24' title="bbox 552 2949 749 3067; baseline 0.015 -18"><span class='ocrx_word' id='word_1_175' title='bbox 552 2949 674 3067; x_wconf 29' lang='lat' dir='ltr'><strong>&#39;Caput</strong></span> <span class='ocrx_word' id='word_1_176' title='bbox 700 2986 749 3052; x_wconf 85' lang='lat' dir='ltr'><strong>Vl.</strong></span> 
     </span>
    </p>
   </div>
   <div class='ocr_carea' id='block_1_5' title="bbox 155 3139 1230 3304">
    <p class='ocr_par' dir='ltr' id='par_1_6' title="bbox 155 3139 1230 3304">
     <span class='ocr_line' id='line_1_25' title="bbox 155 3139 1230 3224; baseline 0.005 -22"><span class='ocrx_word' id='word_1_177' title='bbox 155 3141 200 3202; x_wconf 90' lang='lat' dir='ltr'><strong>Ite</strong></span> <span class='ocrx_word' id='word_1_178' title='bbox 219 3141 282 3204; x_wconf 91' lang='lat' dir='ltr'><strong>illis</strong></span> <span class='ocrx_word' id='word_1_179' title='bbox 304 3139 458 3222; x_wconf 79' lang='lat' dir='ltr'><strong>Erigonae</strong></span> <span class='ocrx_word' id='word_1_180' title='bbox 479 3141 618 3222; x_wconf 83' lang='lat' dir='ltr'><strong>scriptis,</strong></span> <span class='ocrx_word' id='word_1_181' title='bbox 648 3159 726 3224; x_wconf 83' lang='lat' dir='ltr'><strong>quoe</strong></span> <span class='ocrx_word' id='word_1_182' title='bbox 754 3141 853 3204; x_wconf 84' lang='lat' dir='ltr'><strong>adbuc</strong></span> <span class='ocrx_word' id='word_1_183' title='bbox 883 3160 904 3204; x_wconf 84' lang='lat' dir='ltr'><strong>a</strong></span> <span class='ocrx_word' id='word_1_184' title='bbox 933 3142 1021 3206; x_wconf 85' lang='lat' dir='ltr'><strong>nobis</strong></span> <span class='ocrx_word' id='word_1_185' title='bbox 1041 3142 1194 3207; x_wconf 81' lang='lat' dir='ltr'><strong>recensita</strong></span> <span class='ocrx_word' id='word_1_186' title='bbox 1227 3157 1230 3163; x_wconf 85' lang='grc'><strong><em>·</em></strong></span> 
     </span>
     <span class='ocr_line' id='line_1_26' title="bbox 285 3241 756 3304; baseline 0 0"><span class='ocrx_word' id='word_1_187' title='bbox 285 3241 287 3248; x_wconf 58' lang='lat'>‘</span> <span class='ocrx_word' id='word_1_188' title='bbox 596 3260 657 3304; x_wconf 89' lang='lat' dir='ltr'><strong>non</strong></span> <span class='ocrx_word' id='word_1_189' title='bbox 676 3248 756 3304; x_wconf 78' lang='lat' dir='ltr'><strong>suut.</strong></span> 
     </span>
    </p>
   </div>
   <div class='ocr_carea' id='block_1_6' title="bbox 154 3417 1193 3604">
    <p class='ocr_par' dir='ltr' id='par_1_7' title="bbox 154 3417 1193 3604">
     <span class='ocr_line' id='line_1_27' title="bbox 253 3417 1193 3502; baseline 0.006 -25"><span class='ocrx_word' id='word_1_190' title='bbox 253 3417 321 3478; x_wconf 89' lang='lat' dir='ltr'><strong>l’ost</strong></span> <span class='ocrx_word' id='word_1_191' title='bbox 349 3419 642 3502; x_wconf 79' lang='lat' dir='ltr'><strong>Pseudo-Dionysii</strong></span> <span class='ocrx_word' id='word_1_192' title='bbox 672 3427 702 3483; x_wconf 92' lang='lat' dir='ltr'><strong>et</strong></span> <span class='ocrx_word' id='word_1_193' title='bbox 732 3427 759 3484; x_wconf 83' lang='lat' dir='ltr'><strong>s.</strong></span> <span class='ocrx_word' id='word_1_194' title='bbox 783 3421 902 3484; x_wconf 87' lang='lat' dir='ltr'><strong>blaximi</strong></span> <span class='ocrx_word' id='word_1_195' title='bbox 921 3421 1193 3501; x_wconf 85' lang='lat' dir='ltr'><strong>interpretationes,</strong></span> 
     </span>
     <span class='ocr_line' id='line_1_28' title="bbox 154 3515 1192 3604; baseline 0.011 -29"><span class='ocrx_word' id='word_1_196' title='bbox 154 3519 224 3596; x_wconf 89' lang='lat' dir='ltr'><strong>post</strong></span> <span class='ocrx_word' id='word_1_197' title='bbox 244 3515 335 3579; x_wconf 87' lang='lat' dir='ltr'><strong>libros</strong></span> <span class='ocrx_word' id='word_1_198' title='bbox 356 3519 394 3582; x_wconf 92' lang='lat' dir='ltr'><strong>de</strong></span> <span class='ocrx_word' id='word_1_199' title='bbox 414 3521 688 3602; x_wconf 87' lang='lat' dir='ltr'><strong>praedestinatione</strong></span> <span class='ocrx_word' id='word_1_200' title='bbox 708 3528 738 3584; x_wconf 88' lang='lat' dir='ltr'><strong>el</strong></span> <span class='ocrx_word' id='word_1_201' title='bbox 754 3523 791 3586; x_wconf 92' lang='lat' dir='ltr'><strong>de</strong></span> <span class='ocrx_word' id='word_1_202' title='bbox 807 3539 832 3587; x_wconf 86' lang='lat' dir='ltr'><strong>s.</strong></span> <span class='ocrx_word' id='word_1_203' title='bbox 847 3521 1046 3602; x_wconf 88' lang='lat' dir='ltr'><strong>Eucharistia,</strong></span> <span class='ocrx_word' id='word_1_204' title='bbox 1068 3540 1192 3604; x_wconf 88' lang='lat' dir='ltr'><strong>qnorum</strong></span> 
     </span>
    </p>
   </div>
   <div class='ocr_carea' id='block_1_7' title="bbox 157 3695 450 3709">
    <p class='ocr_par' dir='ltr' id='par_1_8' title="bbox 157 3695 450 3709">
     <span class='ocr_line' id='line_1_29' title="bbox 157 3695 450 3709; baseline 0.007 -3"><span class='ocrx_word' id='word_1_205' title='bbox 157 3695 450 3709; x_wconf 51' lang='grc' dir='ltr'><strong>-ᾱ-υ--κν--ὰιη</strong></span> 
     </span>
    </p>
   </div>
   <div class='ocr_carea' id='block_1_8' title="bbox 186 3785 623 3963">
    <p class='ocr_par' dir='ltr' id='par_1_9' title="bbox 186 3785 623 3963">
     <span class='ocr_line' id='line_1_30' title="bbox 186 3785 557 3856; baseline 0.013 -22"><span class='ocrx_word' id='word_1_206' title='bbox 186 3785 234 3851; x_wconf 83' lang='lat'><strong>35)</strong></span> <span class='ocrx_word' id='word_1_207' title='bbox 255 3785 289 3836; x_wconf 84' lang='lat' dir='ltr'><strong>el.</strong></span> <span class='ocrx_word' id='word_1_208' title='bbox 310 3802 368 3854; x_wconf 80' lang='lat' dir='ltr'><strong>sup.</strong></span> <span class='ocrx_word' id='word_1_209' title='bbox 388 3802 445 3856; x_wconf 87' lang='lat' dir='ltr'><strong>cap.</strong></span> <span class='ocrx_word' id='word_1_210' title='bbox 463 3787 557 3839; x_wconf 75' lang='lat'><strong>1-111.</strong></span> 
     </span>
     <span class='ocr_line' id='line_1_31' title="bbox 188 3886 623 3963; baseline 0.011 -27"><span class='ocrx_word' id='word_1_211' title='bbox 188 3886 234 3954; x_wconf 86' lang='grc'><strong>36)</strong></span> <span class='ocrx_word' id='word_1_212' title='bbox 255 3888 288 3942; x_wconf 87' lang='lat' dir='ltr'><strong>of.</strong></span> <span class='ocrx_word' id='word_1_213' title='bbox 311 3889 386 3942; x_wconf 84' lang='lat' dir='ltr'><strong>Gale.</strong></span> <span class='ocrx_word' id='word_1_214' title='bbox 406 3891 451 3942; x_wconf 92' lang='lat' dir='ltr'><strong>l.l.</strong></span> <span class='ocrx_word' id='word_1_215' title='bbox 473 3899 533 3945; x_wconf 81' lang='lat' dir='ltr'><strong>leet.</strong></span> <span class='ocrx_word' id='word_1_216' title='bbox 553 3909 578 3963; x_wconf 88' lang='lat' dir='ltr'><strong>p.</strong></span> <span class='ocrx_word' id='word_1_217' title='bbox 600 3895 623 3946; x_wconf 86' lang='lat'><strong>5.</strong></span> 
     </span>
    </p>
   </div>
   <div class='ocr_carea' id='block_1_9' title="bbox 189 3989 1191 4226">
    <p class='ocr_par' dir='ltr' id='par_1_10' title="bbox 189 3989 1191 4226">
     <span class='ocr_line' id='line_1_32' title="bbox 189 3989 1191 4068; baseline 0.007 -27"><span class='ocrx_word' id='word_1_218' title='bbox 189 3989 237 4059; x_wconf 83' lang='lat'><strong>37)</strong></span> <span class='ocrx_word' id='word_1_219' title='bbox 256 3991 369 4048; x_wconf 80' lang='lat' dir='ltr'><strong>loannes</strong></span> <span class='ocrx_word' id='word_1_220' title='bbox 394 3995 526 4048; x_wconf 79' lang='lat' dir='ltr'><strong>Ealdsaxo</strong></span> <span class='ocrx_word' id='word_1_221' title='bbox 552 4006 593 4048; x_wconf 81' lang='lat' dir='ltr'><strong>est</strong></span> <span class='ocrx_word' id='word_1_222' title='bbox 621 3998 661 4061; x_wconf 87' lang='lat' dir='ltr'><strong>is,</strong></span> <span class='ocrx_word' id='word_1_223' title='bbox 689 4014 769 4068; x_wconf 88' lang='lat' dir='ltr'><strong>quem</strong></span> <span class='ocrx_word' id='word_1_224' title='bbox 795 3997 905 4049; x_wconf 78' lang='lat' dir='ltr'><strong>annales</strong></span> <span class='ocrx_word' id='word_1_225' title='bbox 935 3996 1069 4050; x_wconf 78' lang='lat' dir='ltr'><strong>Bidenses</strong></span> <span class='ocrx_word' id='word_1_226' title='bbox 1098 3995 1191 4048; x_wconf 84' lang='lat' dir='ltr'><strong>dieunt</strong></span> 
     </span>
     <span class='ocr_line' id='line_1_33' title="bbox 252 4082 1189 4152; baseline 0.004 -22"><span class='ocrx_word' id='word_1_227' title='bbox 252 4083 400 4152; x_wconf 77' lang='lat' dir='ltr'><strong>,‚enll&#39;egem</strong></span> <span class='ocrx_word' id='word_1_228' title='bbox 419 4101 440 4136; x_wconf 85' lang='lat' dir='ltr'><strong>s.</strong></span> <span class='ocrx_word' id='word_1_229' title='bbox 459 4082 638 4136; x_wconf 78' lang='lat' dir='ltr'><strong>Grimboldi.“</strong></span> <span class='ocrx_word' id='word_1_230' title='bbox 672 4085 727 4138; x_wconf 78' lang='lat' dir='ltr'><strong>llos</strong></span> <span class='ocrx_word' id='word_1_231' title='bbox 754 4086 824 4139; x_wconf 87' lang='lat' dir='ltr'><strong>enim</strong></span> <span class='ocrx_word' id='word_1_232' title='bbox 848 4101 901 4139; x_wconf 84' lang='lat' dir='ltr'><strong>ona</strong></span> <span class='ocrx_word' id='word_1_233' title='bbox 926 4101 959 4139; x_wconf 84' lang='lat' dir='ltr'><strong>ex</strong></span> <span class='ocrx_word' id='word_1_234' title='bbox 981 4084 1132 4138; x_wconf 83' lang='lat' dir='ltr'><strong>continenti</strong></span> <span class='ocrx_word' id='word_1_235' title='bbox 1155 4082 1189 4135; x_wconf 81' lang='lat' dir='ltr'><strong>nb</strong></span> 
     </span>
     <span class='ocr_line' id='line_1_34' title="bbox 255 4165 707 4226; baseline 0.022 -11"><span class='ocrx_word' id='word_1_236' title='bbox 255 4165 364 4223; x_wconf 81' lang='lat' dir='ltr'><strong>Allredo</strong></span> <span class='ocrx_word' id='word_1_237' title='bbox 381 4173 524 4226; x_wconf 80' lang='lat' dir='ltr'><strong>accersitos</strong></span> <span class='ocrx_word' id='word_1_238' title='bbox 542 4179 655 4225; x_wconf 71' lang='lat' dir='ltr'><strong>constal.</strong></span> <span class='ocrx_word' id='word_1_239' title='bbox 673 4201 707 4216; x_wconf 92' lang='lat'><em>-</em></span> 
     </span>
    </p>
   </div>
   <div class='ocr_carea' id='block_1_10' title="bbox 0 0 1510 4946">
    <p class='ocr_par' dir='ltr' id='par_1_11' title="bbox 0 0 1510 4946">
     <span class='ocr_line' id='line_1_35' title="bbox 0 0 1510 4946; baseline 0 2"><span class='ocrx_word' id='word_1_240' title='bbox 0 0 1510 4946; x_wconf 95' lang='lat' dir='ltr'><strong> </strong></span> 
     </span>
    </p>
   </div>
  </div>
 </body>
</html>
