<?xml version="1.0" encoding="UTF-8"?>
<!DOCTYPE html PUBLIC "-//W3C//DTD XHTML 1.0 Transitional//EN"
    "http://www.w3.org/TR/xhtml1/DTD/xhtml1-transitional.dtd">
<html xmlns="http://www.w3.org/1999/xhtml" xml:lang="en" lang="en">
 <head>
  <title>
</title>
<meta http-equiv="Content-Type" content="text/html;charset=utf-8" />
  <meta name='ocr-system' content='tesseract 3.04.00' />
  <meta name='ocr-capabilities' content='ocr_page ocr_carea ocr_par ocr_line ocrx_word'/>
</head>
<body>
  <div class='ocr_page' id='page_1' title='image "./deioannescotoer01unkngoog_0020.png"; bbox 0 0 3014 4950; ppageno 0'>
   <div class='ocr_carea' id='block_1_1' title="bbox 1141 477 1177 538">
    <p class='ocr_par' dir='ltr' id='par_1_1' title="bbox 1141 477 1177 538">
     <span class='ocr_line' id='line_1_1' title="bbox 1141 477 1177 538; baseline 0 0"><span class='ocrx_word' id='word_1_1' title='bbox 1141 477 1177 538; x_wconf 85' lang='lat'><strong>11</strong></span> 
     </span>
    </p>
   </div>
   <div class='ocr_carea' id='block_1_2' title="bbox 47 646 1219 3543">
    <p class='ocr_par' dir='ltr' id='par_1_2' title="bbox 140 646 1183 1136">
     <span class='ocr_line' id='line_1_2' title="bbox 141 646 1183 736; baseline 0.002 -17"><span class='ocrx_word' id='word_1_2' title='bbox 141 661 273 730; x_wconf 83' lang='lat' dir='ltr'><strong>tentum,</strong></span> <span class='ocrx_word' id='word_1_3' title='bbox 306 665 433 729; x_wconf 84' lang='lat' dir='ltr'><strong>eumque</strong></span> <span class='ocrx_word' id='word_1_4' title='bbox 464 646 592 710; x_wconf 85' lang='lat' dir='ltr'><strong>maxime</strong></span> <span class='ocrx_word' id='word_1_5' title='bbox 622 649 810 728; x_wconf 87' lang='lat' dir='ltr'><strong>perspicuum</strong></span> <span class='ocrx_word' id='word_1_6' title='bbox 842 649 901 714; x_wconf 88' lang='lat' dir='ltr'><strong>huc</strong></span> <span class='ocrx_word' id='word_1_7' title='bbox 932 669 1114 734; x_wconf 85' lang='lat' dir='ltr'><strong>apponemus</strong></span> <span class='ocrx_word' id='word_1_8' title='bbox 1125 662 1183 736; x_wconf 79' lang='lat' dir='ltr'><strong>³⁵J:</strong></span> 
     </span>
     <span class='ocr_line' id='line_1_3' title="bbox 140 747 1182 836; baseline 0.002 -18"><span class='ocrx_word' id='word_1_9' title='bbox 140 757 216 836; x_wconf 84' lang='lat' dir='ltr'><strong>„Hic</strong></span> <span class='ocrx_word' id='word_1_10' title='bbox 249 751 412 832; x_wconf 82' lang='lat' dir='ltr'><strong>(Erigena)</strong></span> <span class='ocrx_word' id='word_1_11' title='bbox 442 749 546 810; x_wconf 86' lang='lat' dir='ltr'><strong>relicta</strong></span> <span class='ocrx_word' id='word_1_12' title='bbox 577 747 671 827; x_wconf 89' lang='lat' dir='ltr'><strong>patria</strong></span> <span class='ocrx_word' id='word_1_13' title='bbox 703 749 764 825; x_wconf 88' lang='lat' dir='ltr'><strong>(in)</strong></span> <span class='ocrx_word' id='word_1_14' title='bbox 797 749 952 814; x_wconf 86' lang='lat' dir='ltr'><strong>Franciam</strong></span> <span class='ocrx_word' id='word_1_15' title='bbox 984 757 1023 816; x_wconf 89' lang='lat' dir='ltr'><strong>ad</strong></span> <span class='ocrx_word' id='word_1_16' title='bbox 1045 755 1182 822; x_wconf 86' lang='lat' dir='ltr'><strong>Carnium</strong></span> 
     </span>
     <span class='ocr_line' id='line_1_4' title="bbox 142 849 1182 932; baseline 0.002 -12"><span class='ocrx_word' id='word_1_17' title='bbox 142 857 261 921; x_wconf 87' lang='lat' dir='ltr'><strong>Caivum</strong></span> <span class='ocrx_word' id='word_1_18' title='bbox 275 854 368 928; x_wconf 88' lang='lat' dir='ltr'><strong>venit,</strong></span> <span class='ocrx_word' id='word_1_19' title='bbox 387 869 404 912; x_wconf 97' lang='lat' dir='ltr'><strong>a</strong></span> <span class='ocrx_word' id='word_1_20' title='bbox 420 866 478 930; x_wconf 91' lang='lat' dir='ltr'><strong>quo</strong></span> <span class='ocrx_word' id='word_1_21' title='bbox 495 865 604 929; x_wconf 89' lang='lat' dir='ltr'><strong>magna</strong></span> <span class='ocrx_word' id='word_1_22' title='bbox 619 849 793 930; x_wconf 89' lang='lat' dir='ltr'><strong>dignatione</strong></span> <span class='ocrx_word' id='word_1_23' title='bbox 806 859 974 932; x_wconf 78' lang='lat' dir='ltr'><strong>susceptae,</strong></span> <span class='ocrx_word' id='word_1_24' title='bbox 996 855 1182 922; x_wconf 80' lang='lat' dir='ltr'><strong>familiarium</strong></span> 
     </span>
     <span class='ocr_line' id='line_1_5' title="bbox 142 948 1182 1040; baseline 0.001 -20"><span class='ocrx_word' id='word_1_25' title='bbox 142 958 266 1040; x_wconf 86' lang='lat' dir='ltr'><strong>partium</strong></span> <span class='ocrx_word' id='word_1_26' title='bbox 286 952 461 1028; x_wconf 78' lang='lat' dir='ltr'><strong>habebatur,</strong></span> <span class='ocrx_word' id='word_1_27' title='bbox 483 948 726 1031; x_wconf 78' lang='lat' dir='ltr'><strong>transigebatque</strong></span> <span class='ocrx_word' id='word_1_28' title='bbox 748 968 815 1013; x_wconf 92' lang='lat' dir='ltr'><strong>cum</strong></span> <span class='ocrx_word' id='word_1_29' title='bbox 835 968 872 1012; x_wconf 89' lang='lat' dir='ltr'><strong>co</strong></span> <span class='ocrx_word' id='word_1_30' title='bbox 895 959 953 1014; x_wconf 86' lang='lat' dir='ltr'><strong>tam</strong></span> <span class='ocrx_word' id='word_1_31' title='bbox 972 957 1063 1033; x_wconf 86' lang='lat' dir='ltr'><strong>seria,</strong></span> <span class='ocrx_word' id='word_1_32' title='bbox 1095 975 1182 1038; x_wconf 86' lang='lat' dir='ltr'><strong>quam</strong></span> 
     </span>
     <span class='ocr_line' id='line_1_6' title="bbox 142 1051 1183 1136; baseline -0.002 -15"><span class='ocrx_word' id='word_1_33' title='bbox 142 1061 219 1136; x_wconf 90' lang='lat' dir='ltr'><strong>ioca,</strong></span> <span class='ocrx_word' id='word_1_34' title='bbox 237 1101 285 1118; x_wconf 85' lang='lat'><strong>...</strong></span> <span class='ocrx_word' id='word_1_35' title='bbox 300 1055 366 1135; x_wconf 88' lang='lat' dir='ltr'><strong>quia</strong></span> <span class='ocrx_word' id='word_1_36' title='bbox 380 1051 523 1114; x_wconf 82' lang='lat' dir='ltr'><strong>miraculo</strong></span> <span class='ocrx_word' id='word_1_37' title='bbox 538 1051 684 1112; x_wconf 81' lang='lat' dir='ltr'><strong>scientiae</strong></span> <span class='ocrx_word' id='word_1_38' title='bbox 695 1051 759 1113; x_wconf 90' lang='lat' dir='ltr'><strong>eius</strong></span> <span class='ocrx_word' id='word_1_39' title='bbox 774 1069 830 1113; x_wconf 89' lang='lat' dir='ltr'><strong>rex</strong></span> <span class='ocrx_word' id='word_1_40' title='bbox 847 1059 950 1133; x_wconf 88' lang='lat' dir='ltr'><strong>captus</strong></span> <span class='ocrx_word' id='word_1_41' title='bbox 1018 1065 1183 1119; x_wconf 84' lang='lat' dir='ltr'><strong>esset.“-</strong></span> 
     </span>
    </p>

    <p class='ocr_par' dir='ltr' id='par_1_3' title="bbox 47 1149 1219 2334">
     <span class='ocr_line' id='line_1_7' title="bbox 229 1149 1183 1236; baseline 0.003 -18"><span class='ocrx_word' id='word_1_42' title='bbox 229 1158 261 1219; x_wconf 92' lang='lat' dir='ltr'><strong>Si</strong></span> <span class='ocrx_word' id='word_1_43' title='bbox 282 1157 370 1236; x_wconf 88' lang='lat' dir='ltr'><strong>igitur</strong></span> <span class='ocrx_word' id='word_1_44' title='bbox 391 1153 559 1214; x_wconf 82' lang='lat' dir='ltr'><strong>accuratius</strong></span> <span class='ocrx_word' id='word_1_45' title='bbox 580 1149 698 1212; x_wconf 87' lang='lat' dir='ltr'><strong>tandem</strong></span> <span class='ocrx_word' id='word_1_46' title='bbox 717 1168 794 1228; x_wconf 86' lang='lat' dir='ltr'><strong>eum,</strong></span> <span class='ocrx_word' id='word_1_47' title='bbox 816 1171 904 1234; x_wconf 92' lang='lat' dir='ltr'><strong>quem</strong></span> <span class='ocrx_word' id='word_1_48' title='bbox 922 1157 1101 1236; x_wconf 84' lang='lat' dir='ltr'><strong>quaerimus,</strong></span> <span class='ocrx_word' id='word_1_49' title='bbox 1124 1177 1183 1221; x_wconf 89' lang='lat' dir='ltr'><strong>an-</strong></span> 
     </span>
     <span class='ocr_line' id='line_1_8' title="bbox 47 1250 1183 1340; baseline 0.004 -22"><span class='ocrx_word' id='word_1_50' title='bbox 47 1261 51 1265; x_wconf 81' lang='grc'><strong>’</strong></span> <span class='ocrx_word' id='word_1_51' title='bbox 141 1272 212 1319; x_wconf 92' lang='lat' dir='ltr'><strong>num</strong></span> <span class='ocrx_word' id='word_1_52' title='bbox 245 1257 425 1318; x_wconf 89' lang='lat' dir='ltr'><strong>constituere</strong></span> <span class='ocrx_word' id='word_1_53' title='bbox 464 1250 603 1327; x_wconf 57' lang='lat' dir='ltr'><strong>velimus</strong></span> <span class='ocrx_word' id='word_1_54' title='bbox 645 1250 721 1312; x_wconf 88' lang='lat' dir='ltr'><strong>haec</strong></span> <span class='ocrx_word' id='word_1_55' title='bbox 764 1253 824 1314; x_wconf 87' lang='lat' dir='ltr'><strong>sint</strong></span> <span class='ocrx_word' id='word_1_56' title='bbox 862 1254 1070 1319; x_wconf 86' lang='lat' dir='ltr'><strong>observanda:</strong></span> <span class='ocrx_word' id='word_1_57' title='bbox 1118 1263 1183 1340; x_wconf 88' lang='lat' dir='ltr'><strong>pri-</strong></span> 
     </span>
     <span class='ocr_line' id='line_1_9' title="bbox 143 1351 1182 1432; baseline 0.005 -14"><span class='ocrx_word' id='word_1_58' title='bbox 143 1355 230 1432; x_wconf 62' lang='lat' dir='ltr'><strong>mumi</strong></span> <span class='ocrx_word' id='word_1_59' title='bbox 261 1353 378 1416; x_wconf 88' lang='lat' dir='ltr'><strong>ostendi</strong></span> <span class='ocrx_word' id='word_1_60' title='bbox 398 1353 496 1432; x_wconf 89' lang='lat' dir='ltr'><strong>potius</strong></span> <span class='ocrx_word' id='word_1_61' title='bbox 518 1366 620 1430; x_wconf 86' lang='lat' dir='ltr'><strong>posse,</strong></span> <span class='ocrx_word' id='word_1_62' title='bbox 639 1351 811 1432; x_wconf 87' lang='lat' dir='ltr'><strong>Erigennm‚</strong></span> <span class='ocrx_word' id='word_1_63' title='bbox 845 1355 900 1415; x_wconf 88' lang='lat' dir='ltr'><strong>etsi</strong></span> <span class='ocrx_word' id='word_1_64' title='bbox 923 1355 977 1417; x_wconf 89' lang='lat' dir='ltr'><strong>sub</strong></span> <span class='ocrx_word' id='word_1_65' title='bbox 1000 1357 1088 1420; x_wconf 90' lang='lat' dir='ltr'><strong>iiuem</strong></span> <span class='ocrx_word' id='word_1_66' title='bbox 1110 1363 1182 1423; x_wconf 87' lang='lat' dir='ltr'><strong>anni</strong></span> 
     </span>
     <span class='ocr_line' id='line_1_10' title="bbox 140 1451 1182 1529; baseline 0.004 -9"><span class='ocrx_word' id='word_1_67' title='bbox 140 1453 353 1520; x_wconf 86' lang='lat' dir='ltr'><strong>DCCCLXXii.</strong></span> <span class='ocrx_word' id='word_1_68' title='bbox 376 1452 475 1515; x_wconf 88' lang='lat' dir='ltr'><strong>adhuc</strong></span> <span class='ocrx_word' id='word_1_69' title='bbox 495 1451 581 1527; x_wconf 88' lang='lat' dir='ltr'><strong>vixit,</strong></span> <span class='ocrx_word' id='word_1_70' title='bbox 612 1457 710 1513; x_wconf 88' lang='lat' dir='ltr'><strong>tamen</strong></span> <span class='ocrx_word' id='word_1_71' title='bbox 741 1459 811 1514; x_wconf 88' lang='lat' dir='ltr'><strong>ante</strong></span> <span class='ocrx_word' id='word_1_72' title='bbox 837 1471 945 1516; x_wconf 90' lang='lat' dir='ltr'><strong>annum</strong></span> <span class='ocrx_word' id='word_1_73' title='bbox 966 1456 1182 1529; x_wconf 73' lang='lat' dir='ltr'><strong>dccccxxv.</strong></span> 
     </span>
     <span class='ocr_line' id='line_1_11' title="bbox 140 1551 1219 1634; baseline 0.003 -15"><span class='ocrx_word' id='word_1_74' title='bbox 140 1563 286 1620; x_wconf 88' lang='lat' dir='ltr'><strong>mortuum</strong></span> <span class='ocrx_word' id='word_1_75' title='bbox 317 1571 405 1631; x_wconf 86' lang='lat' dir='ltr'><strong>esse,</strong></span> <span class='ocrx_word' id='word_1_76' title='bbox 443 1569 529 1632; x_wconf 90' lang='lat' dir='ltr'><strong>quam</strong></span> <span class='ocrx_word' id='word_1_77' title='bbox 558 1569 624 1612; x_wconf 92' lang='lat' dir='ltr'><strong>eum</strong></span> <span class='ocrx_word' id='word_1_78' title='bbox 655 1559 722 1630; x_wconf 84' lang='lat' dir='ltr'><strong>post</strong></span> <span class='ocrx_word' id='word_1_79' title='bbox 753 1551 833 1614; x_wconf 90' lang='lat' dir='ltr'><strong>hunc</strong></span> <span class='ocrx_word' id='word_1_80' title='bbox 864 1555 957 1634; x_wconf 87' lang='lat' dir='ltr'><strong>ipsum</strong></span> <span class='ocrx_word' id='word_1_81' title='bbox 992 1575 1099 1621; x_wconf 85' lang='lat' dir='ltr'><strong>annum</strong></span> <span class='ocrx_word' id='word_1_82' title='bbox 1131 1563 1181 1622; x_wconf 86' lang='lat' dir='ltr'><strong>vi·</strong></span> <span class='ocrx_word' id='word_1_83' title='bbox 1217 1576 1219 1579; x_wconf 77' lang='grc'><strong>’</strong></span> 
     </span>
     <span class='ocr_line' id='line_1_12' title="bbox 139 1653 1180 1732; baseline 0.007 -13"><span class='ocrx_word' id='word_1_84' title='bbox 139 1659 238 1732; x_wconf 77' lang='lat' dir='ltr'><strong>uisse;</strong></span> <span class='ocrx_word' id='word_1_85' title='bbox 275 1654 407 1728; x_wconf 87' lang='lat' dir='ltr'><strong>deinde,</strong></span> <span class='ocrx_word' id='word_1_86' title='bbox 452 1669 518 1713; x_wconf 91' lang='lat' dir='ltr'><strong>eum</strong></span> <span class='ocrx_word' id='word_1_87' title='bbox 557 1653 677 1713; x_wconf 85' lang='lat' dir='ltr'><strong>circiter</strong></span> <span class='ocrx_word' id='word_1_88' title='bbox 716 1671 823 1714; x_wconf 84' lang='lat' dir='ltr'><strong>annum</strong></span> <span class='ocrx_word' id='word_1_89' title='bbox 857 1655 1040 1725; x_wconf 83' lang='lat' dir='ltr'>DCCCXLV.</span> <span class='ocrx_word' id='word_1_90' title='bbox 1080 1660 1180 1726; x_wconf 88' lang='lat' dir='ltr'><strong>aduita</strong></span> 
     </span>
     <span class='ocr_line' id='line_1_13' title="bbox 140 1751 1182 1836; baseline 0.007 -17"><span class='ocrx_word' id='word_1_91' title='bbox 140 1759 198 1819; x_wconf 90' lang='lat' dir='ltr'><strong>iarn</strong></span> <span class='ocrx_word' id='word_1_92' title='bbox 219 1757 312 1818; x_wconf 90' lang='lat' dir='ltr'><strong>inisse</strong></span> <span class='ocrx_word' id='word_1_93' title='bbox 336 1759 434 1815; x_wconf 85' lang='lat' dir='ltr'><strong>aetate</strong></span> <span class='ocrx_word' id='word_1_94' title='bbox 455 1760 544 1833; x_wconf 88' lang='lat' dir='ltr'><strong>atque</strong></span> <span class='ocrx_word' id='word_1_95' title='bbox 565 1751 602 1812; x_wconf 88' lang='lat' dir='ltr'><strong>ab</strong></span> <span class='ocrx_word' id='word_1_96' title='bbox 624 1753 705 1813; x_wconf 92' lang='lat' dir='ltr'><strong>omni</strong></span> <span class='ocrx_word' id='word_1_97' title='bbox 735 1753 890 1814; x_wconf 89' lang='lat' dir='ltr'><strong>doctrinae</strong></span> <span class='ocrx_word' id='word_1_98' title='bbox 921 1773 1035 1836; x_wconf 88' lang='lat' dir='ltr'><strong>genere</strong></span> <span class='ocrx_word' id='word_1_99' title='bbox 1065 1762 1182 1826; x_wconf 87' lang='lat' dir='ltr'><strong>instru-</strong></span> 
     </span>
     <span class='ocr_line' id='line_1_14' title="bbox 140 1852 1181 1943; baseline 0.007 -23"><span class='ocrx_word' id='word_1_100' title='bbox 140 1865 227 1920; x_wconf 88' lang='lat' dir='ltr'><strong>ctum.</strong></span> <span class='ocrx_word' id='word_1_101' title='bbox 266 1892 303 1904; x_wconf 92' lang='lat'>-</span> <span class='ocrx_word' id='word_1_102' title='bbox 339 1855 436 1933; x_wconf 83' lang='lat' dir='ltr'><strong>Atque</strong></span> <span class='ocrx_word' id='word_1_103' title='bbox 467 1852 552 1930; x_wconf 84' lang='lat' dir='ltr'><strong>irinc,</strong></span> <span class='ocrx_word' id='word_1_104' title='bbox 602 1853 669 1914; x_wconf 93' lang='lat' dir='ltr'><strong>dum</strong></span> <span class='ocrx_word' id='word_1_105' title='bbox 704 1853 818 1916; x_wconf 85' lang='lat' dir='ltr'><strong>illorum</strong></span> <span class='ocrx_word' id='word_1_106' title='bbox 853 1861 1037 1937; x_wconf 88' lang='lat' dir='ltr'><strong>temporum,</strong></span> <span class='ocrx_word' id='word_1_107' title='bbox 1075 1864 1181 1943; x_wconf 85' lang='lat' dir='ltr'><strong>quihus</strong></span> 
     </span>
     <span class='ocr_line' id='line_1_15' title="bbox 139 1955 1179 2038; baseline 0.009 -18"><span class='ocrx_word' id='word_1_108' title='bbox 139 1957 218 2020; x_wconf 85' lang='lat' dir='ltr'><strong>haud</strong></span> <span class='ocrx_word' id='word_1_109' title='bbox 253 1955 342 2016; x_wconf 89' lang='lat' dir='ltr'><strong>iaciie</strong></span> <span class='ocrx_word' id='word_1_110' title='bbox 376 1960 443 2016; x_wconf 89' lang='lat' dir='ltr'><strong>ante</strong></span> <span class='ocrx_word' id='word_1_111' title='bbox 476 1955 657 2014; x_wconf 90' lang='lat' dir='ltr'><strong>tricesimum</strong></span> <span class='ocrx_word' id='word_1_112' title='bbox 684 1955 762 2016; x_wconf 89' lang='lat' dir='ltr'><strong>vitae</strong></span> <span class='ocrx_word' id='word_1_113' title='bbox 785 1973 892 2017; x_wconf 89' lang='lat' dir='ltr'><strong>annum</strong></span> <span class='ocrx_word' id='word_1_114' title='bbox 913 1959 1067 2038; x_wconf 89' lang='lat' dir='ltr'><strong>quisquam</strong></span> <span class='ocrx_word' id='word_1_115' title='bbox 1090 1964 1179 2030; x_wconf 88' lang='lat' dir='ltr'><strong>talem</strong></span> 
     </span>
     <span class='ocr_line' id='line_1_16' title="bbox 140 2054 1182 2142; baseline 0.008 -22"><span class='ocrx_word' id='word_1_116' title='bbox 140 2059 198 2121; x_wconf 88' lang='lat' dir='ltr'><strong>sibi</strong></span> <span class='ocrx_word' id='word_1_117' title='bbox 222 2055 375 2118; x_wconf 81' lang='lat' dir='ltr'><strong>doctrinae</strong></span> <span class='ocrx_word' id='word_1_118' title='bbox 395 2054 521 2136; x_wconf 90' lang='lat' dir='ltr'><strong>gloriam</strong></span> <span class='ocrx_word' id='word_1_119' title='bbox 543 2071 650 2133; x_wconf 89' lang='lat' dir='ltr'><strong>parare</strong></span> <span class='ocrx_word' id='word_1_120' title='bbox 669 2056 772 2134; x_wconf 89' lang='lat' dir='ltr'><strong>potuit,</strong></span> <span class='ocrx_word' id='word_1_121' title='bbox 795 2059 942 2119; x_wconf 89' lang='lat' dir='ltr'><strong>rationem</strong></span> <span class='ocrx_word' id='word_1_122' title='bbox 958 2060 1109 2142; x_wconf 88' lang='lat' dir='ltr'><strong>habueris,</strong></span> <span class='ocrx_word' id='word_1_123' title='bbox 1131 2066 1182 2128; x_wconf 65' lang='lat' dir='ltr'><strong>f-</strong></span> 
     </span>
     <span class='ocr_line' id='line_1_17' title="bbox 140 2154 1178 2238; baseline 0.012 -19"><span class='ocrx_word' id='word_1_124' title='bbox 140 2159 200 2219; x_wconf 91' lang='lat' dir='ltr'><strong>ciie</strong></span> <span class='ocrx_word' id='word_1_125' title='bbox 223 2155 375 2217; x_wconf 86' lang='lat' dir='ltr'><strong>nobiscum</strong></span> <span class='ocrx_word' id='word_1_126' title='bbox 392 2154 528 2235; x_wconf 88' lang='lat' dir='ltr'><strong>colliges,</strong></span> <span class='ocrx_word' id='word_1_127' title='bbox 551 2161 650 2217; x_wconf 89' lang='lat' dir='ltr'><strong>natum</strong></span> <span class='ocrx_word' id='word_1_128' title='bbox 669 2154 765 2218; x_wconf 90' lang='lat' dir='ltr'><strong>videri</strong></span> <span class='ocrx_word' id='word_1_129' title='bbox 786 2157 946 2238; x_wconf 76' lang='lat' dir='ltr'><strong>Erigonam</strong></span> <span class='ocrx_word' id='word_1_130' title='bbox 970 2163 1048 2226; x_wconf 86' lang='lat' dir='ltr'><strong>inter</strong></span> <span class='ocrx_word' id='word_1_131' title='bbox 1069 2166 1178 2232; x_wconf 82' lang='lat' dir='ltr'><strong>DCCC.</strong></span> 
     </span>
     <span class='ocr_line' id='line_1_18' title="bbox 143 2254 793 2334; baseline 0 -16"><span class='ocrx_word' id='word_1_132' title='bbox 143 2265 173 2320; x_wconf 93' lang='lat' dir='ltr'><strong>et</strong></span> <span class='ocrx_word' id='word_1_133' title='bbox 195 2255 354 2320; x_wconf 82' lang='lat' dir='ltr'><strong>DCCCXV.</strong></span> <span class='ocrx_word' id='word_1_134' title='bbox 376 2254 441 2316; x_wconf 85' lang='lat' dir='ltr'><strong>tere</strong></span> <span class='ocrx_word' id='word_1_135' title='bbox 462 2273 490 2334; x_wconf 88' lang='lat' dir='ltr'><strong>p.</strong></span> <span class='ocrx_word' id='word_1_136' title='bbox 512 2255 580 2316; x_wconf 85' lang='lat' dir='ltr'><strong>Chr.</strong></span> <span class='ocrx_word' id='word_1_137' title='bbox 605 2263 665 2318; x_wconf 90' lang='lat' dir='ltr'><strong>nat.</strong></span> <span class='ocrx_word' id='word_1_138' title='bbox 688 2274 793 2318; x_wconf 91' lang='lat' dir='ltr'><strong>annos.</strong></span> 
     </span>
    </p>

    <p class='ocr_par' dir='ltr' id='par_1_4' title="bbox 136 2357 1179 3543">
     <span class='ocr_line' id='line_1_19' title="bbox 223 2357 1179 2447; baseline 0.013 -29"><span class='ocrx_word' id='word_1_139' title='bbox 223 2358 330 2419; x_wconf 86' lang='lat' dir='ltr'><strong>Verum</strong></span> <span class='ocrx_word' id='word_1_140' title='bbox 353 2363 501 2435; x_wconf 87' lang='lat' dir='ltr'><strong>utcunque</strong></span> <span class='ocrx_word' id='word_1_141' title='bbox 522 2374 628 2418; x_wconf 88' lang='lat' dir='ltr'><strong>resse</strong></span> <span class='ocrx_word' id='word_1_142' title='bbox 651 2357 750 2435; x_wconf 82' lang='lat' dir='ltr'><strong>habet,</strong></span> <span class='ocrx_word' id='word_1_143' title='bbox 772 2358 830 2422; x_wconf 86' lang='lat' dir='ltr'><strong>hcc</strong></span> <span class='ocrx_word' id='word_1_144' title='bbox 850 2367 933 2423; x_wconf 89' lang='lat' dir='ltr'><strong>certe</strong></span> <span class='ocrx_word' id='word_1_145' title='bbox 952 2380 1179 2447; x_wconf 68' lang='lat' dir='ltr'><strong>numeremur,</strong></span> 
     </span>
     <span class='ocr_line' id='line_1_20' title="bbox 138 2456 1176 2544; baseline 0.01 -23"><span class='ocrx_word' id='word_1_146' title='bbox 138 2477 176 2522; x_wconf 92' lang='lat' dir='ltr'><strong>ne</strong></span> <span class='ocrx_word' id='word_1_147' title='bbox 199 2460 264 2539; x_wconf 93' lang='lat' dir='ltr'><strong>quis</strong></span> <span class='ocrx_word' id='word_1_148' title='bbox 287 2457 376 2520; x_wconf 90' lang='lat' dir='ltr'><strong>nobis</strong></span> <span class='ocrx_word' id='word_1_149' title='bbox 399 2463 529 2536; x_wconf 82' lang='lat' dir='ltr'><strong>opponat</strong></span> <span class='ocrx_word' id='word_1_150' title='bbox 551 2456 823 2520; x_wconf 88' lang='lat' dir='ltr'><strong>Staudenmaierum</strong></span> <span class='ocrx_word' id='word_1_151' title='bbox 849 2479 993 2542; x_wconf 83' lang='lat' dir='ltr'><strong>eumque,</strong></span> <span class='ocrx_word' id='word_1_152' title='bbox 1022 2467 1071 2544; x_wconf 94' lang='lat' dir='ltr'><strong>qui</strong></span> <span class='ocrx_word' id='word_1_153' title='bbox 1098 2465 1176 2530; x_wconf 89' lang='lat' dir='ltr'><strong>hunc</strong></span> 
     </span>
     <span class='ocr_line' id='line_1_21' title="bbox 139 2557 1176 2640; baseline 0.011 -22"><span class='ocrx_word' id='word_1_154' title='bbox 139 2567 259 2620; x_wconf 86' lang='lat' dir='ltr'><strong>secutus</strong></span> <span class='ocrx_word' id='word_1_155' title='bbox 281 2565 341 2631; x_wconf 82' lang='lat' dir='ltr'><strong>est,</strong></span> <span class='ocrx_word' id='word_1_156' title='bbox 362 2557 563 2620; x_wconf 81' lang='lat' dir='ltr'><strong>Seniueterum</strong></span> <span class='ocrx_word' id='word_1_157' title='bbox 579 2559 636 2636; x_wconf 76' lang='lat'>³⁶),</span> <span class='ocrx_word' id='word_1_158' title='bbox 670 2561 717 2638; x_wconf 91' lang='lat' dir='ltr'><strong>qui</strong></span> <span class='ocrx_word' id='word_1_159' title='bbox 744 2559 904 2640; x_wconf 85' lang='lat' dir='ltr'><strong>Erigenam</strong></span> <span class='ocrx_word' id='word_1_160' title='bbox 928 2564 1047 2626; x_wconf 89' lang='lat' dir='ltr'><strong>circiter</strong></span> <span class='ocrx_word' id='word_1_161' title='bbox 1067 2584 1176 2630; x_wconf 90' lang='lat' dir='ltr'><strong>anuum</strong></span> 
     </span>
     <span class='ocr_line' id='line_1_22' title="bbox 138 2657 1176 2746; baseline 0.009 -25"><span class='ocrx_word' id='word_1_162' title='bbox 138 2657 367 2722; x_wconf 87' lang='lat' dir='ltr'><strong>DCCCXXViii.</strong></span> <span class='ocrx_word' id='word_1_163' title='bbox 405 2665 509 2718; x_wconf 91' lang='lat' dir='ltr'><strong>natum</strong></span> <span class='ocrx_word' id='word_1_164' title='bbox 528 2676 596 2718; x_wconf 91' lang='lat' dir='ltr'><strong>esse</strong></span> <span class='ocrx_word' id='word_1_165' title='bbox 624 2658 747 2738; x_wconf 87' lang='lat' dir='ltr'><strong>voiunt,</strong></span> <span class='ocrx_word' id='word_1_166' title='bbox 784 2662 830 2722; x_wconf 89' lang='lat' dir='ltr'><strong>iris</strong></span> <span class='ocrx_word' id='word_1_167' title='bbox 859 2663 905 2723; x_wconf 90' lang='lat' dir='ltr'><strong>usi</strong></span> <span class='ocrx_word' id='word_1_168' title='bbox 938 2664 1103 2728; x_wconf 87' lang='lat' dir='ltr'><strong>rationibus</strong></span> <span class='ocrx_word' id='word_1_169' title='bbox 1118 2669 1176 2746; x_wconf 58' lang='grc' dir='ltr'><strong>ὅθι</strong></span> 
     </span>
     <span class='ocr_line' id='line_1_23' title="bbox 138 2757 1177 2848; baseline 0.009 -26"><span class='ocrx_word' id='word_1_170' title='bbox 138 2761 285 2840; x_wconf 86' lang='lat' dir='ltr'><strong>„Circiter</strong></span> <span class='ocrx_word' id='word_1_171' title='bbox 315 2776 424 2820; x_wconf 90' lang='lat' dir='ltr'><strong>annum</strong></span> <span class='ocrx_word' id='word_1_172' title='bbox 460 2757 630 2820; x_wconf 77' lang='grc'><strong>00000111.</strong></span> <span class='ocrx_word' id='word_1_173' title='bbox 666 2759 749 2840; x_wconf 85' lang='lat' dir='ltr'><strong>Erig.</strong></span> <span class='ocrx_word' id='word_1_174' title='bbox 778 2762 837 2824; x_wconf 89' lang='lat' dir='ltr'><strong>iam</strong></span> <span class='ocrx_word' id='word_1_175' title='bbox 870 2763 948 2824; x_wconf 86' lang='lat' dir='ltr'><strong>iama</strong></span> <span class='ocrx_word' id='word_1_176' title='bbox 970 2767 1043 2826; x_wconf 87' lang='lat' dir='ltr'><strong>satis</strong></span> <span class='ocrx_word' id='word_1_177' title='bbox 1067 2784 1177 2848; x_wconf 87' lang='lat' dir='ltr'><strong>magna</strong></span> 
     </span>
     <span class='ocr_line' id='line_1_24' title="bbox 137 2858 1178 2942; baseline 0.006 -18"><span class='ocrx_word' id='word_1_178' title='bbox 137 2860 324 2924; x_wconf 82' lang='lat' dir='ltr'><strong>excellebat“</strong></span> <span class='ocrx_word' id='word_1_179' title='bbox 348 2869 402 2936; x_wconf 84' lang='grc'><strong>(-</strong></span> <span class='ocrx_word' id='word_1_180' title='bbox 422 2858 566 2936; x_wconf 84' lang='lat' dir='ltr'><strong>vidimus,</strong></span> <span class='ocrx_word' id='word_1_181' title='bbox 600 2858 658 2921; x_wconf 87' lang='lat' dir='ltr'><strong>hoc</strong></span> <span class='ocrx_word' id='word_1_182' title='bbox 684 2862 739 2940; x_wconf 84' lang='lat' dir='ltr'><strong>ipsi</strong></span> <span class='ocrx_word' id='word_1_183' title='bbox 767 2863 825 2924; x_wconf 91' lang='lat' dir='ltr'><strong>iam</strong></span> <span class='ocrx_word' id='word_1_184' title='bbox 849 2860 982 2942; x_wconf 82' lang='lat' dir='ltr'><strong>pluribus</strong></span> <span class='ocrx_word' id='word_1_185' title='bbox 1003 2867 1089 2928; x_wconf 88' lang='lat' dir='ltr'><strong>annis</strong></span> <span class='ocrx_word' id='word_1_186' title='bbox 1107 2875 1178 2930; x_wconf 90' lang='lat' dir='ltr'><strong>ante</strong></span> 
     </span>
     <span class='ocr_line' id='line_1_25' title="bbox 137 2960 1178 3044; baseline 0.005 -20"><span class='ocrx_word' id='word_1_187' title='bbox 137 2980 203 3024; x_wconf 91' lang='lat' dir='ltr'><strong>eum</strong></span> <span class='ocrx_word' id='word_1_188' title='bbox 227 2979 336 3024; x_wconf 87' lang='lat' dir='ltr'><strong>annum</strong></span> <span class='ocrx_word' id='word_1_189' title='bbox 363 2960 527 3041; x_wconf 86' lang='lat' dir='ltr'><strong>contigisse</strong></span> <span class='ocrx_word' id='word_1_190' title='bbox 551 2970 625 3035; x_wconf 78' lang='lat' dir='ltr'><strong>—Jz</strong></span> <span class='ocrx_word' id='word_1_191' title='bbox 647 2963 777 3040; x_wconf 84' lang='lat' dir='ltr'><strong>„scripta</strong></span> <span class='ocrx_word' id='word_1_192' title='bbox 799 2963 864 3022; x_wconf 90' lang='lat' dir='ltr'><strong>eius</strong></span> <span class='ocrx_word' id='word_1_193' title='bbox 885 2962 1043 3026; x_wconf 88' lang='lat' dir='ltr'><strong>iuvenilem</strong></span> <span class='ocrx_word' id='word_1_194' title='bbox 1065 2967 1178 3044; x_wconf 86' lang='lat' dir='ltr'><strong>spirant</strong></span> 
     </span>
     <span class='ocr_line' id='line_1_26' title="bbox 138 3058 1177 3141; baseline 0.007 -18"><span class='ocrx_word' id='word_1_195' title='bbox 138 3062 226 3123; x_wconf 92' lang='lat' dir='ltr'><strong>animi</strong></span> <span class='ocrx_word' id='word_1_196' title='bbox 247 3059 413 3121; x_wconf 84' lang='lat' dir='ltr'><strong>ardorem“</strong></span> <span class='ocrx_word' id='word_1_197' title='bbox 438 3071 494 3133; x_wconf 86' lang='lat'><strong>(-</strong></span> <span class='ocrx_word' id='word_1_198' title='bbox 517 3058 586 3121; x_wconf 90' lang='lat' dir='ltr'><strong>tulia</strong></span> <span class='ocrx_word' id='word_1_199' title='bbox 608 3067 781 3140; x_wconf 88' lang='lat' dir='ltr'><strong>argumenta</strong></span> <span class='ocrx_word' id='word_1_200' title='bbox 802 3061 860 3122; x_wconf 88' lang='lat' dir='ltr'><strong>iam</strong></span> <span class='ocrx_word' id='word_1_201' title='bbox 882 3079 991 3141; x_wconf 88' lang='lat' dir='ltr'><strong>perse</strong></span> <span class='ocrx_word' id='word_1_202' title='bbox 1017 3065 1177 3132; x_wconf 91' lang='lat' dir='ltr'><strong>admodum</strong></span> 
     </span>
     <span class='ocr_line' id='line_1_27' title="bbox 139 3159 1179 3245; baseline 0.008 -24"><span class='ocrx_word' id='word_1_203' title='bbox 139 3177 205 3222; x_wconf 89' lang='lat' dir='ltr'><strong>esse</strong></span> <span class='ocrx_word' id='word_1_204' title='bbox 234 3161 333 3223; x_wconf 88' lang='lat' dir='ltr'><strong>soient</strong></span> <span class='ocrx_word' id='word_1_205' title='bbox 366 3159 497 3221; x_wconf 84' lang='lat' dir='ltr'><strong>infirma:</strong></span> <span class='ocrx_word' id='word_1_206' title='bbox 533 3166 709 3237; x_wconf 87' lang='lat' dir='ltr'><strong>praeterea,</strong></span> <span class='ocrx_word' id='word_1_207' title='bbox 745 3162 771 3222; x_wconf 88' lang='lat' dir='ltr'><strong>si</strong></span> <span class='ocrx_word' id='word_1_208' title='bbox 809 3160 984 3236; x_wconf 72' lang='lat' dir='ltr'><strong>Hcckic³⁸t</strong></span> <span class='ocrx_word' id='word_1_209' title='bbox 1019 3165 1179 3245; x_wconf 87' lang='lat' dir='ltr'><strong>credimus,</strong></span> 
     </span>
     <span class='ocr_line' id='line_1_28' title="bbox 140 3260 1179 3347; baseline 0.01 -27"><span class='ocrx_word' id='word_1_210' title='bbox 140 3262 237 3323; x_wconf 90' lang='lat' dir='ltr'><strong>onmia</strong></span> <span class='ocrx_word' id='word_1_211' title='bbox 261 3261 319 3324; x_wconf 91' lang='lat' dir='ltr'><strong>aiia</strong></span> <span class='ocrx_word' id='word_1_212' title='bbox 339 3261 504 3332; x_wconf 88' lang='lat' dir='ltr'><strong>invenimus</strong></span> <span class='ocrx_word' id='word_1_213' title='bbox 525 3269 602 3334; x_wconf 84' lang='lat'><strong>-):</strong></span> <span class='ocrx_word' id='word_1_214' title='bbox 640 3261 760 3339; x_wconf 85' lang='lat' dir='ltr'><strong>„itaque</strong></span> <span class='ocrx_word' id='word_1_215' title='bbox 782 3260 986 3338; x_wconf 86' lang='lat' dir='ltr'><strong>confidenter,</strong></span> <span class='ocrx_word' id='word_1_216' title='bbox 1018 3263 1179 3347; x_wconf 76' lang='lat' dir='ltr'><strong>Erigonam</strong></span> 
     </span>
     <span class='ocr_line' id='line_1_29' title="bbox 138 3360 1179 3446; baseline 0.007 -25"><span class='ocrx_word' id='word_1_217' title='bbox 138 3360 202 3438; x_wconf 84' lang='lat' dir='ltr'><strong>ilio,</strong></span> <span class='ocrx_word' id='word_1_218' title='bbox 227 3361 263 3446; x_wconf 86' lang='lat' dir='ltr'><strong>de</strong></span> <span class='ocrx_word' id='word_1_219' title='bbox 285 3378 343 3444; x_wconf 88' lang='lat' dir='ltr'><strong>quo</strong></span> <span class='ocrx_word' id='word_1_220' title='bbox 366 3361 503 3434; x_wconf 88' lang='lat' dir='ltr'><strong>diximus,</strong></span> <span class='ocrx_word' id='word_1_221' title='bbox 524 3365 667 3438; x_wconf 88' lang='lat' dir='ltr'><strong>tempore,</strong></span> <span class='ocrx_word' id='word_1_222' title='bbox 686 3361 858 3424; x_wconf 88' lang='lat' dir='ltr'><strong>vicesimum</strong></span> <span class='ocrx_word' id='word_1_223' title='bbox 881 3363 1012 3444; x_wconf 92' lang='lat' dir='ltr'><strong>quintum</strong></span> <span class='ocrx_word' id='word_1_224' title='bbox 1028 3365 1107 3427; x_wconf 90' lang='lat' dir='ltr'><strong>vitae</strong></span> <span class='ocrx_word' id='word_1_225' title='bbox 1120 3384 1179 3428; x_wconf 91' lang='lat' dir='ltr'><strong>an-</strong></span> 
     </span>
     <span class='ocr_line' id='line_1_30' title="bbox 136 3461 1028 3543; baseline 0.001 -23"><span class='ocrx_word' id='word_1_226' title='bbox 136 3479 208 3522; x_wconf 88' lang='lat' dir='ltr'><strong>num</strong></span> <span class='ocrx_word' id='word_1_227' title='bbox 231 3463 340 3543; x_wconf 89' lang='lat' dir='ltr'><strong>egisse,</strong></span> <span class='ocrx_word' id='word_1_228' title='bbox 364 3462 451 3523; x_wconf 92' lang='lat' dir='ltr'><strong>statui</strong></span> <span class='ocrx_word' id='word_1_229' title='bbox 472 3466 601 3540; x_wconf 84' lang='lat' dir='ltr'><strong>potest.“</strong></span> <span class='ocrx_word' id='word_1_230' title='bbox 1027 3461 1028 3464; x_wconf 73' lang='grc'>’</span> 
     </span>
    </p>
   </div>
   <div class='ocr_carea' id='block_1_3' title="bbox 137 3581 465 3596">
    <p class='ocr_par' dir='ltr' id='par_1_5' title="bbox 137 3581 465 3596">
     <span class='ocr_line' id='line_1_31' title="bbox 137 3581 465 3596; baseline 0.006 -4"><span class='ocrx_word' id='word_1_231' title='bbox 137 3581 465 3596; x_wconf 52' lang='lat' dir='ltr'><em>Q</em></span> 
     </span>
    </p>
   </div>
   <div class='ocr_carea' id='block_1_4' title="bbox 169 3626 1178 4134">
    <p class='ocr_par' dir='ltr' id='par_1_6' title="bbox 170 3626 586 3698">
     <span class='ocr_line' id='line_1_32' title="bbox 170 3626 586 3698; baseline -0.005 -19"><span class='ocrx_word' id='word_1_232' title='bbox 170 3629 218 3696; x_wconf 86' lang='grc'><strong>35)</strong></span> <span class='ocrx_word' id='word_1_233' title='bbox 237 3628 269 3678; x_wconf 82' lang='lat' dir='ltr'><strong>cf.</strong></span> <span class='ocrx_word' id='word_1_234' title='bbox 292 3629 366 3680; x_wconf 84' lang='lat' dir='ltr'><strong>Gale.</strong></span> <span class='ocrx_word' id='word_1_235' title='bbox 389 3629 407 3678; x_wconf 94' lang='lat' dir='ltr'><strong>l.</strong></span> <span class='ocrx_word' id='word_1_236' title='bbox 426 3629 443 3677; x_wconf 90' lang='grc'><strong>1.</strong></span> <span class='ocrx_word' id='word_1_237' title='bbox 461 3647 487 3698; x_wconf 93' lang='lat' dir='ltr'><strong>p.</strong></span> <span class='ocrx_word' id='word_1_238' title='bbox 508 3626 532 3678; x_wconf 88' lang='grc'><strong>7.</strong></span> <span class='ocrx_word' id='word_1_239' title='bbox 553 3658 586 3669; x_wconf 90' lang='grc'><strong>-</strong></span> 
     </span>
    </p>

    <p class='ocr_par' dir='ltr' id='par_1_7' title="bbox 170 3715 1090 3787">
     <span class='ocr_line' id='line_1_33' title="bbox 170 3715 1090 3787; baseline 0.005 -22"><span class='ocrx_word' id='word_1_240' title='bbox 170 3716 216 3783; x_wconf 82' lang='grc'><strong>36)</strong></span> <span class='ocrx_word' id='word_1_241' title='bbox 235 3718 269 3768; x_wconf 82' lang='lat' dir='ltr'><strong>cf.</strong></span> <span class='ocrx_word' id='word_1_242' title='bbox 292 3719 350 3768; x_wconf 86' lang='lat' dir='ltr'><strong>eins</strong></span> <span class='ocrx_word' id='word_1_243' title='bbox 373 3717 479 3774; x_wconf 83' lang='lat' dir='ltr'><strong>librum,</strong></span> <span class='ocrx_word' id='word_1_244' title='bbox 500 3733 579 3785; x_wconf 88' lang='lat' dir='ltr'><strong>quem</strong></span> <span class='ocrx_word' id='word_1_245' title='bbox 598 3732 656 3783; x_wconf 88' lang='lat' dir='ltr'><strong>sup.</strong></span> <span class='ocrx_word' id='word_1_246' title='bbox 676 3723 731 3766; x_wconf 88' lang='lat' dir='ltr'><strong>not.</strong></span> <span class='ocrx_word' id='word_1_247' title='bbox 753 3715 785 3767; x_wconf 81' lang='lat'><strong>16</strong></span> <span class='ocrx_word' id='word_1_248' title='bbox 804 3715 978 3780; x_wconf 83' lang='lat' dir='ltr'><strong>iarrdavimus,</strong></span> <span class='ocrx_word' id='word_1_249' title='bbox 997 3736 1023 3787; x_wconf 89' lang='lat' dir='ltr'><strong>p.</strong></span> <span class='ocrx_word' id='word_1_250' title='bbox 1043 3720 1090 3770; x_wconf 85' lang='lat'>111.</span> 
     </span>
    </p>

    <p class='ocr_par' dir='ltr' id='par_1_8' title="bbox 169 3787 1178 4134">
     <span class='ocr_line' id='line_1_34' title="bbox 169 3787 1177 3870; baseline 0 -16"><span class='ocrx_word' id='word_1_251' title='bbox 169 3803 216 3870; x_wconf 87' lang='grc'><strong>37)</strong></span> <span class='ocrx_word' id='word_1_252' title='bbox 236 3805 269 3860; x_wconf 84' lang='lat' dir='ltr'><strong>ci.</strong></span> <span class='ocrx_word' id='word_1_253' title='bbox 289 3802 495 3854; x_wconf 87' lang='lat' dir='ltr'><strong>Standenrnaier</strong></span> <span class='ocrx_word' id='word_1_254' title='bbox 515 3801 571 3852; x_wconf 86' lang='lat' dir='ltr'><strong>ioh.</strong></span> <span class='ocrx_word' id='word_1_255' title='bbox 585 3803 654 3853; x_wconf 87' lang='lat' dir='ltr'><strong>Scot.</strong></span> <span class='ocrx_word' id='word_1_256' title='bbox 665 3802 779 3868; x_wconf 72' lang='lat' dir='ltr'><strong>Erigone</strong></span> <span class='ocrx_word' id='word_1_257' title='bbox 792 3804 845 3854; x_wconf 87' lang='lat' dir='ltr'><strong>und</strong></span> <span class='ocrx_word' id='word_1_258' title='bbox 856 3805 900 3855; x_wconf 88' lang='lat' dir='ltr'><strong>die</strong></span> <span class='ocrx_word' id='word_1_259' title='bbox 913 3787 1107 3860; x_wconf 74' lang='lat' dir='ltr'><strong>Wiaseurchait</strong></span> <span class='ocrx_word' id='word_1_260' title='bbox 1124 3810 1177 3860; x_wconf 82' lang='lat' dir='ltr'><strong>sei.</strong></span> 
     </span>
     <span class='ocr_line' id='line_1_35' title="bbox 233 3888 1178 3966; baseline 0.004 -22"><span class='ocrx_word' id='word_1_261' title='bbox 233 3910 282 3944; x_wconf 89' lang='lat' dir='ltr'><strong>ner</strong></span> <span class='ocrx_word' id='word_1_262' title='bbox 300 3892 362 3944; x_wconf 78' lang='lat' dir='ltr'><strong>Zeit.</strong></span> <span class='ocrx_word' id='word_1_263' title='bbox 404 3889 493 3942; x_wconf 81' lang='lat' dir='ltr'><strong>Errter</strong></span> <span class='ocrx_word' id='word_1_264' title='bbox 513 3888 601 3940; x_wconf 87' lang='lat' dir='ltr'><strong>Theii.</strong></span> <span class='ocrx_word' id='word_1_265' title='bbox 640 3889 785 3940; x_wconf 83' lang='lat' dir='ltr'><strong>Fraukicrt</strong></span> <span class='ocrx_word' id='word_1_266' title='bbox 803 3908 826 3940; x_wconf 86' lang='lat' dir='ltr'><strong>a.</strong></span> <span class='ocrx_word' id='word_1_267' title='bbox 847 3892 884 3945; x_wconf 90' lang='lat' dir='ltr'><strong>M.</strong></span> <span class='ocrx_word' id='word_1_268' title='bbox 905 3891 980 3945; x_wconf 77' lang='lat'><strong>1834.</strong></span> <span class='ocrx_word' id='word_1_269' title='bbox 1000 3911 1026 3963; x_wconf 88' lang='lat' dir='ltr'><strong>p.</strong></span> <span class='ocrx_word' id='word_1_270' title='bbox 1042 3894 1092 3948; x_wconf 78' lang='lat'><strong>126</strong></span> <span class='ocrx_word' id='word_1_271' title='bbox 1109 3913 1178 3966; x_wconf 80' lang='lat' dir='ltr'><strong>req..</strong></span> 
     </span>
     <span class='ocr_line' id='line_1_36' title="bbox 232 3974 1172 4053; baseline 0.009 -24"><span class='ocrx_word' id='word_1_272' title='bbox 232 3979 279 4030; x_wconf 93' lang='lat' dir='ltr'><strong>ubi</strong></span> <span class='ocrx_word' id='word_1_273' title='bbox 302 3988 391 4030; x_wconf 85' lang='lat' dir='ltr'><strong>tamen</strong></span> <span class='ocrx_word' id='word_1_274' title='bbox 409 3979 436 4028; x_wconf 91' lang='lat' dir='ltr'><strong>in</strong></span> <span class='ocrx_word' id='word_1_275' title='bbox 454 3978 506 4028; x_wconf 81' lang='lat' dir='ltr'><strong>ima</strong></span> <span class='ocrx_word' id='word_1_276' title='bbox 525 3993 584 4045; x_wconf 83' lang='lat' dir='ltr'><strong>pag.</strong></span> <span class='ocrx_word' id='word_1_277' title='bbox 598 3974 656 4038; x_wconf 81' lang='lat' dir='ltr'><strong>tud,</strong></span> <span class='ocrx_word' id='word_1_278' title='bbox 676 3984 706 4028; x_wconf 86' lang='lat' dir='ltr'><strong>nt</strong></span> <span class='ocrx_word' id='word_1_279' title='bbox 720 3993 751 4027; x_wconf 82' lang='lat' dir='ltr'><strong>ax</strong></span> <span class='ocrx_word' id='word_1_280' title='bbox 766 3977 808 4041; x_wconf 78' lang='lat' dir='ltr'><strong>iis,</strong></span> <span class='ocrx_word' id='word_1_281' title='bbox 828 3995 897 4050; x_wconf 78' lang='lat' dir='ltr'><strong>quae</strong></span> <span class='ocrx_word' id='word_1_282' title='bbox 909 3991 1069 4052; x_wconf 83' lang='lat' dir='ltr'><strong>sequuntur,</strong></span> <span class='ocrx_word' id='word_1_283' title='bbox 1088 3992 1172 4053; x_wconf 75' lang='lat' dir='ltr'><strong>patet,</strong></span> 
     </span>
     <span class='ocr_line' id='line_1_37' title="bbox 231 4063 787 4134; baseline 0 -18"><span class='ocrx_word' id='word_1_284' title='bbox 231 4083 281 4134; x_wconf 86' lang='lat' dir='ltr'><strong>pro</strong></span> <span class='ocrx_word' id='word_1_285' title='bbox 302 4065 354 4118; x_wconf 84' lang='lat'><strong>853</strong></span> <span class='ocrx_word' id='word_1_286' title='bbox 376 4065 504 4118; x_wconf 85' lang='lat' dir='ltr'><strong>mendose</strong></span> <span class='ocrx_word' id='word_1_287' title='bbox 524 4065 649 4132; x_wconf 85' lang='lat' dir='ltr'><strong>scriptum</strong></span> <span class='ocrx_word' id='word_1_288' title='bbox 670 4072 710 4114; x_wconf 84' lang='lat' dir='ltr'><strong>est</strong></span> <span class='ocrx_word' id='word_1_289' title='bbox 727 4063 787 4116; x_wconf 65' lang='lat'><strong>858,</strong></span> 
     </span>
    </p>
   </div>
   <div class='ocr_carea' id='block_1_5' title="bbox 168 4150 657 4220">
    <p class='ocr_par' dir='ltr' id='par_1_9' title="bbox 168 4150 657 4220">
     <span class='ocr_line' id='line_1_38' title="bbox 168 4150 657 4220; baseline -0.012 -14"><span class='ocrx_word' id='word_1_290' title='bbox 168 4152 216 4220; x_wconf 82' lang='lat'><strong>38)</strong></span> <span class='ocrx_word' id='word_1_291' title='bbox 236 4153 270 4204; x_wconf 82' lang='lat' dir='ltr'><strong>ci.</strong></span> <span class='ocrx_word' id='word_1_292' title='bbox 289 4152 388 4204; x_wconf 87' lang='lat' dir='ltr'><strong>librum</strong></span> <span class='ocrx_word' id='word_1_293' title='bbox 407 4162 472 4206; x_wconf 83' lang='lat' dir='ltr'><strong>nota</strong></span> <span class='ocrx_word' id='word_1_294' title='bbox 491 4150 532 4204; x_wconf 78' lang='lat' dir='ltr'><strong>ud.</strong></span> <span class='ocrx_word' id='word_1_295' title='bbox 554 4151 657 4202; x_wconf 84' lang='lat' dir='ltr'><strong>laudat.</strong></span> 
     </span>
    </p>
   </div>
   <div class='ocr_carea' id='block_1_6' title="bbox 0 0 1512 4950">
    <p class='ocr_par' dir='ltr' id='par_1_10' title="bbox 0 0 1512 4950">
     <span class='ocr_line' id='line_1_39' title="bbox 0 0 1512 4950; baseline 0 0"><span class='ocrx_word' id='word_1_296' title='bbox 0 0 1512 4950; x_wconf 95' lang='lat' dir='ltr'><strong> </strong></span> 
     </span>
    </p>
   </div>
  </div>
 </body>
</html>
