3010 4946
1114 462 1174 528 109

216 648 286 711 Post
305 644 446 709 nonnulla
467 661 506 704 ex
527 656 550 703 s.
582 641 752 722 Augustino
779 646 809 702 et
830 657 870 705 ex
891 641 928 703 Α.
954 635 1124 704 Guentbero
1147 645 1176 705 in

137 750 349 812 alienissimum
381 745 440 808 sibi
476 744 574 805 locum
610 741 779 822 comprdsa,
813 741 1005 804 Soblueterus
1029 753 1072 822 (p.
1094 743 1177 822 XX.)

136 852 213 912 baec
236 849 341 910 babet:
375 847 459 926 „Aga
491 857 585 924 ergo,
619 841 708 903 etiam
731 841 881 922 litigenae
901 840 1107 923 indulgeamus
1130 843 1179 904 di-

138 950 236 1012 centi:
269 949 368 1029 ,Deus
399 952 444 1006 ost
475 944 506 1005 in
527 959 577 1020 εε,
613 942 646 1002 lit
666 942 696 1002 in
719 943 903 1014 creatarlss
936 959 1025 1023 quum
1058 950 1180 1023 propter

137 1048 287 1111 Paulinum
321 1045 410 1135 illud;
442 1043 509 1124 ,qui
546 1049 592 1104 est
611 1058 666 1121 per
689 1042 788 1107 omnia
808 1046 839 1102 et
859 1043 891 1103 in
912 1043 1082 1119 omnibus,“
1103 1044 1180 1104 alte·

136 1167 202 1212 rum
232 1147 365 1210 eiusdem
396 1144 555 1226 Apostoli:
589 1143 657 1223 ,qui
686 1148 733 1204 est
766 1159 855 1222 supra
879 1140 1013 1220 omnia,“
1035 1161 1180 1222 nusquam

138 1249 331 1332 neglexerit.“
357 1284 394 1295 -
419 1245 512 1318 Quam
535 1260 598 1304 rem
618 1249 650 1304 ut
670 1241 787 1322 probel,
810 1241 913 1304 laudat
928 1242 1120 1307 Schlueterus
1143 1244 1180 1305 de

140 1350 197 1412 div.
226 1355 286 1410 nat.
311 1347 360 1425 lV,
383 1349 401 1406 5
421 1344 476 1408 sub
498 1343 559 1420 fin,
580 1342 630 1404 ubi
654 1343 731 1404 baec
745 1341 899 1423 leguntur:
921 1343 1020 1420 „Deus
1043 1348 1182 1424 utsupra

140 1450 241 1512 omnia
263 1455 293 1509 el
315 1449 345 1510 in
369 1445 507 1508 omnibus
531 1450 592 1520 est,
621 1443 686 1523 ipse
715 1444 862 1523 siquidem
899 1444 1030 1505 essentia
1052 1445 1183 1504 omnium

139 1541 199 1629 est,
224 1549 368 1627 quivere
390 1543 490 1607 εοιιιει
511 1543 611 1619 (solus
626 1549 709 1620 vere)
730 1549 793 1605 est·

222 1647 275 1712 ΙΙΙ.
317 1647 429 1710 Μοηίιο
463 1651 561 1706 autem
594 1653 639 1724 (p.
670 1645 772 1722 XX.)‚
809 1663 848 1705 nc
877 1646 944 1724 quis
971 1645 1183 1726 Erigenianum

141 1749 220 1811 illum
238 1748 369 1810 Naturae
403 1744 624 1826 quaternarium
648 1760 714 1805 cum
745 1761 771 1806 s.
792 1743 935 1806 Ternario
958 1743 1107 1825 dogmatis
1126 1746 1185 1807 ullo

140 1847 231 1912 modu
267 1863 356 1909 unum
398 1861 469 1906 esse
504 1849 603 1924 putet,
635 1845 745 1907 Scottus
773 1857 816 1924 (p.
838 1843 947 1920 XXll.)
986 1845 1068 1906 corni
1099 1845 1186 1925 culpa

143 1948 322 2024 absolvitur,
350 1953 509 2026 propterea
543 1943 623 2024 quod
657 1945 700 2022 ,si
723 1943 938 2023 pantbeismum
972 1943 1063 2007 luerit
1083 1953 1186 2007 secta-

141 2056 200 2127 tus,
233 2047 345 2109 docere
366 2063 427 2109 non
449 2045 615 2126 potuisset,
644 2061 721 2124 quae
758 2044 911 2109 docuerit:
942 2053 976 2123 a)
999 2047 1092 2107 Deum
1117 2063 1186 2108 esse

144 2147 398 2228 supernaturalem
434 2153 464 2208 et
494 2144 775 2225 superessentialem
804 2151 834 2207 et
850 2159 954 2225 ‘supra
976 2147 1086 2223 omnia,
1109 2163 1186 2225 quae

145 2251 224 2311 omni
248 2266 339 2311 sensu
361 2247 573 2327 percipiantur,
597 2246 664 2306 dum
686 2247 725 2306 sit
745 2244 850 2306 horum
866 2246 994 2309 omnium
1009 2247 1186 2327 principium

146 2349 277 2426 causale,
314 2354 345 2409 ct
364 2347 492 2408 medinm
514 2346 639 2425 implens
657 2346 819 2408 essentiale
840 2353 869 2408 et
888 2347 954 2408 linis
977 2363 1187 2408 consummans

143 2457 235 2510 —·et
266 2450 393 2510 ambitus
425 2447 694 2524 circumscribens,
721 2487 762 2500 -
790 2453 905 2527 nequet‘
931 2447 1186 2530 [Aristotelicum]

144 2550 349 2628 „categoriam
381 2547 550 2624 essentiae,
582 2562 681 2626 neque
710 2553 847 2608 caeteras
868 2565 977 2610 novem
999 2550 1187 2628 categorias“

145 2657 239 2728 (quae
261 2663 365 2708 omues
387 2649 519 2726 proprie,
542 2651 574 2708 ut
593 2647 701 2710 Scelus
723 2647 760 2731 [l,
791 2649 856 2726 173
873 2651 924 2725 ait,
946 2650 977 2709 in
998 2648 1088 2710 rebus
1110 2665 1188 2708 con.

146 2749 215 2810 ditis
245 2746 477 2827 dignoscuntur)
515 2746 561 2825 ,in
590 2745 677 2808 deum
700 2764 791 2826 posse
815 2745 988 2825 caderem).
1013 2749 1050 2828 b)
1074 2749 1189 2810 Huma-

149 2865 217 2910 nam
237 2846 418 2909 voluntatem
442 2863 511 2906 esse
535 2844 660 2906 liberam
684 2846 722 2907 ad
746 2847 915 2928 eligendum
942 2850 990 2911 vel
1013 2849 1122 2910 bonum
1143 2849 1191 2909 vel

147 2948 267 3024 malum,
289 2954 320 3008 et
340 2963 440 3027 genus
473 2946 632 3014 humanum
653 2946 683 3007 in
705 2945 823 3010 Adamo
844 2951 1082 3029 praevaricatum
1105 2967 1189 3010 mur.

147 3049 229 3128 tique
250 3047 414 3110 obnoxium
445 3046 567 3125 lactum,
598 3048 627 3108 in
649 3045 766 3110 Christo
790 3056 820 3110 et
843 3067 898 3131 per
916 3051 1064 3113 Christum
1084 3050 1187 3112 salva-

150 3153 211 3208 tum
241 3164 309 3210 esse
340 3153 371 3209 et
400 3148 479 3208 vitae
500 3153 643 3208 aeternae
663 3142 822 3212 redditum.
867 3160 900 3228 c)
921 3150 1113 3232 ,superbiam
1134 3148 1191 3210 Lu-

149 3245 253 3324 ciferi,
287 3247 337 3328 qui
371 3263 424 3308 sua
447 3247 555 3308 virtute
577 3246 652 3310 deus
674 3264 744 3309 esse
767 3251 909 3331 cupisset,
930 3250 1106 3314 detestabile
1128 3249 1192 3312 cri-

148 3364 218 3408 men
240 3347 341 3414 luisse.
387 3346 422 3424 d)
444 3342 539 3409 Deuni
560 3346 700 3427 allicere,
723 3353 756 3410 ut
774 3350 865 3413 multa
897 3358 981 3414 extra
1004 3365 1190 3413 communem

145 3435 275 3511 'naturae
305 3449 442 3511 ordinem
474 3448 634 3526 eveniant,
666 3465 725 3529 quo
758 3451 915 3530 ostendat,
948 3470 982 3514 se
1003 3452 1099 3514 solum
1122 3465 1192 3511 csso

150 3549 329 3612 dominum.“
370 3550 461 3611 llisce
492 3551 624 3629 quintum
652 3549 772 3612 additur
792 3551 875 3614 boc:
909 3553 1039 3629 Scotum,
1071 3552 1096 3612 si
1114 3566 1192 3629 pan-

149 3651 306 3713 tbaismum
338 3648 428 3712 luerit
458 3655 609 3729 sectatus,
643 3651 795 3714 notionem
828 3652 956 3716 classice
991 3649 1191 3732 dogmaticam

158 3924 225 3992 ’29)
256 3925 313 3976 Hoc
340 3924 400 3974 loco
429 3924 484 3974 noa
511 3925 568 3994 ipsu
595 3924 747 3978 Scblueteri
778 3925 856 3978 verba
879 3925 1059 3993 allegavimus,
1078 3923 1193 3978 sedilia

253 4013 309 4062 fere
328 4011 489 4082 scripsimus,
511 4029 579 4081 quae
598 4015 655 4084 ipae
675 3999 827 4066 suisverbis
842 4031 874 4065 ex
891 4014 1020 4081 Erigonae
1038 4019 1192 4079 argrrmanto

202 4085 207 4092 ⁵
252 4099 376 4165 protulit.
414 4100 514 4150 Locum
533 4099 609 4150 illum
629 4101 662 4151 de
681 4110 735 4153 nat.
755 4103 789 4164 ll,
815 4102 837 4151 1.
863 4101 1101 4172 praetermisimus:
1132 4116 1192 4151 eum

249 4183 324 4235 'euim
343 4203 423 4256 supro
441 4186 462 4257 §.
482 4186 524 4239 42.
542 4188 593 4238 iarn
612 4188 758 4256 posuimus.
881 4179 884 4184 ’
