3014 4950
323 462 549 532 32-'

376 635 514 722 ‘'Verum
537 647 588 704 ‘ex
622 639 745 703 instituti
781 641 876 702 nostri
908 641 1025 703 ratione
1060 657 1121 704 non
1142 641 1274 723 integras
1297 639 1363 703 illas

321 750 413 827 rixas,
435 743 490 808 sed
512 759 565 806 eas
585 748 697 805 tanturn
728 750 829 822 partes
851 743 1074 823 explicabimus,
1098 760 1174 822 quae
1189 743 1271 806 Scoti
1294 743 1363 802 l'ue.

319 856 406 926 runt,
437 861 573 927 quaeque
606 841 652 905 his
684 843 757 924 ipsis
779 842 861 906 Sooti
889 842 1022 923 partibus
1042 844 1244 906 necessariam
1265 843 1362 904 lucem

319 947 473 1013 offundere
494 942 660 1006 videantur.

401 1045 559 1109 Damnavit
589 1043 680 1124 igitur
707 1040 977 1118 Gothesoalcum¹)
1004 1047 1037 1102 ut
1063 1040 1359 1122 praedestinatianae

319 1145 455 1211 haeresis
491 1142 660 1206 convictum
697 1140 894 1218 Hinomarus‚
926 1141 1171 1221 archiepiscopus
1204 1139 1363 1201 hamensis

322 1264 387 1312 curn
430 1243 548 1328 synodo
580 1243 602 1304 Ι.
644 1241 720 1322 apud
761 1242 944 1304 Garisiaoum
984 1249 1028 1316 (a.
1059 1239 1267 1316 DCCCXLlX)
1303 1238 1362 1299 ha-

317 1353 429 1428 bital).
473 1349 676 1409 Damnavcrat
706 1337 835 1404 eundem
861 1343 918 1402 iam
939 1342 1076 1421 proximo
1098 1357 1179 1401 anno
1200 1337 1360 1402 concilium

300 1440 519 1532 ltlogunlinum
542 1428 578 1506 ll.
601 1443 656 1505 sub
680 1443 815 1518 Rabona,
835 1443 884 1520 qui
905 1460 943 1505 eo
963 1445 1029 1522 ipso
1052 1448 1186 1522 tempore
1207 1439 1360 1519 archiepi-

314 1565 424 1630 scopus
448 1545 638 1626 Moguntinus
662 1549 727 1604 erat
746 1545 921 1618 creaturi).
960 1542 1051 1622 „Apud
1082 1541 1160 1604 illum
1191 1542 1268 1602 enim
1293 1539 1357 1602 Go-

313 1645 494 1724 thesoalous‚
517 1647 566 1726 qui
585 1646 614 1706 in
629 1642 786 1706 itineribus
805 1660 859 1723 per
875 1642 987 1704 ltaliam
1005 1639 1252 1722 Germaniamque
1268 1640 1355 1700 lactis

312 1749 435 1830 primurn
474 1745 512 1807 dc
548 1744 668 1825 gemina
703 1742 979 1822 praedestinatione
1014 1758 1183 1804 sermonem
1219 1739 1354 1815 lecisset,

312 1849 398 1911 istius
417 1847 531 1909 erroris
553 1850 712 1907 accusatus
743 1841 856 1905 luerat:
890 1849 979 1923 atque
1009 1841 1086 1903 haec
1121 1844 1185 1922 ipsa
1219 1837 1355 1919 synodus

312 2036 654 2054 W

365 2172 392 2236 1)
411 2154 514 2222 Eratis
540 2168 699 2220 Orbacensis
723 2167 833 2238 quidem
859 2169 1019 2233 monachus,
1045 2187 1094 2221 nac
1122 2179 1211 2223 tamen
1240 2175 1351 2226 natione

409 2257 515 2318 Gallus,
534 2254 580 2307 red
600 2257 678 2306 Saxo.
714 2257 791 2307 Patre
811 2257 882 2306 enim
902 2275 963 2309 usus
983 2266 1022 2309 est
1039 2257 1136 2310 comite
1158 2261 1251 2321 Buruo,
1271 2261 1352 2312 uobi-

409 2344 511 2396 liatimo
533 2343 602 2394 iuter
619 2343 737 2394 Saxones
755 2360 860 2411 genere.
885 2344 1008 2396 Tradunt
1026 2353 1124 2419 antem,
1144 2344 1350 2398 Gotheacalcum

409 2430 550 2502 puerulum
581 2428 667 2480 adhoc
693 2448 708 2481 a
741 2431 896 2499 parentibus
921 2431 976 2483 atris
1005 2432 1033 2483 in
1061 2426 1194 2482 coenobio
1217 2431 1346 2483 Fuldensi

349 2541 358 2558 ·
408 2519 485 2582 „Deo
505 2534 561 2570 asae
582 2517 731 2570 oblaturam
767 2517 816 2568 llic
841 2535 893 2568 una
921 2536 979 2570 cnm
1001 2536 1032 2571 eo
1052 2519 1085 2586 ad
1106 2520 1208 2570 litteras
1226 2519 1350 2572 incubuit

411 2603 578 2656 walafridus
601 2603 711 2666 Strabo,
740 2621 819 2674 quem
846 2603 943 2657 habult
961 2606 1146 2660 amicissimum
1166 2607 1214 2672 (cf.
1238 2607 1348 2658 Walalr.

405 2697 494 2761 poem.
517 2692 546 2742 in
562 2690 633 2742 Max.
656 2689 783 2741 biblioth.
802 2698 921 2760 patrum,
948 2690 1068 2760 Lugdun.
1100 2692 1174 2756 edit,
1202 2702 1266 2745 tom.
1290 2693 1344 2754 XV,

405 2797 432 2850 p.
451 2777 502 2830 231
523 2777 585 2830 c-
599 2777 644 2850 G).
680 2777 770 2848 Quum
789 2778 965 2856 adolesceret3
983 2780 1062 2830 uitam
1081 2779 1263 2831 monachicam
1284 2795 1345 2848 per-

406 2874 494 2917 taesus
514 2865 597 2934 petiit
613 2865 647 2928 ab
666 2863 793 2933 otgario„
811 2864 929 2936 arclriep.
949 2866 1078 2934 Mogont,
1100 2875 1139 2930 ut,
1157 2869 1284 2936 quoniam
1303 2868 1345 2917 in·

407 2953 479 3004 vitun
503 2951 538 3002 ad
563 2967 620 3001 eam
646 2951 777 3002 adductus
796 2961 880 3014 esset,
912 2953 969 3004 eiua
995 2954 1133 3004 voluntate
1160 2953 1244 3022 ipsam
1263 2941 1348 3005 11111-Ι

406 3054 490 3110 quere
509 3037 560 3088 ribi
580 3027 787 3108 permitteretur.
831 3039 926 3108 Neque
958 3039 1082 3108 otgarius
1116 3040 1140 3090 ei
1169 3041 1272 3109 petenti
1297 3039 1346 3090 de-

405 3126 468 3179 suit.
505 3125 560 3174 lam
578 3141 641 3175 reto
659 3124 800 3188 habacus,
832 3125 916 3176 abbae
933 3123 1074 3176 Fuldeasis
1092 3137 1129 3186 (a.
1150 3125 1347 3194 Deceltxltl),

407 3211 573 3266 Ludovlcum
593 3211 657 3280 imp.
678 3227 725 3280 per
744 3212 846 3264 litteras
866 3211 948 3272 adiit,
977 3213 1056 3281 eique
1076 3211 1275 3278 demonstravit,
1295 3230 1347 3282 pa-

407 3305 511 3350 rentum
537 3306 600 3349 voto
627 3315 724 3367 pueros
749 3293 954 3369 inperpetuum
974 3302 1131 3354 constrictos
1151 3302 1246 3352 teneri.
1281 3301 1344 3370 Quo

405 3386 504 3438 sactum
524 3393 572 3448 eet,
590 3394 621 3437 ut
639 3386 828 3438 Gothescalcus
854 3402 991 3438 remanere
1018 3397 1166 3456 cogeretur.
1202 3387 1226 3438 le
1255 3397 1346 3440 tamen

404 3473 433 3522 in
451 3470 584 3522 coenobio
605 3472 733 3524 Fnldensi
754 3472 827 3542 apud
844 3473 981 3522 Rabauum
1001 3472 1103 3525 diutius
1120 3489 1228 3526 manere
1246 3474 1345 3537 noluit,

408 3560 570 3629 secernitque
591 3561 625 3610 ad
647 3560 756 3624 Gallos,
769 3553 828 3612 'ubi
854 3562 883 3611 in
905 3558 1057 3614 Orbe'ceuse
1074 3563 1263 3614 monasterium
1284 3575 1344 3610 sese

407 3645 522 3698 abdidit.
567 3646 609 3698 Cf.
639 3647 782 3698 Mobillon.
810 3663 873 3697 ann.
902 3646 951 3697 lib.
979 3648 1058 3711 XXX,
1090 3665 1118 3699 n.
1148 3648 1199 3714 3tt;
1235 3648 1345 3698 Centur.

406 3732 531 3802 Magdeb.
558 3742 629 3786 cent.
656 3732 709 3796 tlt,
738 3750 797 3804 cap.
816 3731 833 3783 9
850 3740 878 3785 et
896 3732 928 3785 ltt
948 3733 1028 3802 (edit.
1050 3735 1128 3788 Baril.
1147 3738 1262 3787 column.
1282 3732 1345 3794 tot,

351 3868 354 3874 .
404 3818 466 3884 593,
484 3819 560 3890 546).

331 3992 336 4001 ,
359 3940 388 4009 2)
410 3940 445 3994 cl.
465 3940 561 4004 Mauri,
579 3956 600 3990 ι.
618 3903 715 3989 concil:
735 3952 805 3988 nova
823 3945 851 3989 et
868 3939 1029 4008 amplissima
1040 3940 1181 3994 collectio:
1200 3951 1264 3996 tom.
1278 3943 1344 4008 XIV,

405 4028 456 4084 col.
479 4026 562 4079 919c
583 4057 615 4069 -
638 4023 690 4076 922
701 4025 729 4075 E.
783 4029 786 4038 ’
1302 4033 1304 4038 “

359 4149 388 4219 3)
408 4151 441 4202 cf.
459 4148 555 4202 Manui.
574 4146 620 4197 l.l.
640 4145 690 4224 col.
711 4143 798 4200 9131)
819 4171 852 4186 ·-
871 4142 923 4200 918
935 4145 963 4198 Ε,
985 4172 1019 4184 ..
