3014 4950
1145 481 1186 545 33

149 667 397 730 danrnalumcum
416 657 537 722 miserat
552 657 723 733 blinamma,
745 657 958 720 monachorum
973 656 1189 721 Orbacensium

148 763 357 844 metropolitae
370 765 410 838 l).
939 749 946 756 ’

225 866 316 938 ‚Orrae
338 861 425 922 luerit
446 856 566 919 concilii
586 859 749 938 llogunlini
770 859 915 920 sententia
937 859 975 920 do
988 861 1188 925 Golhesoalco

149 968 218 1042 lala,
241 966 331 1026 docel
351 961 478 1041 epistola
500 959 624 1035 liobam,
644 965 765 1038 peracto
788 960 917 1020 concilio
939 979 1028 1040 snper
1050 963 1106 1024 bac
1125 964 1190 1042 ipsa

150 1085 186 1128 re
206 1066 244 1125 arl
268 1061 599 1138 llincmaromscripta.
641 1058 673 1120 ln
702 1079 739 1120 ea
769 1061 859 1139 igilur
889 1061 1070 1140 epistotam
1108 1065 1191 1142 „Go-

152 1166 315 1241 llrescalo‚“
349 1165 400 1238 ait,
431 1162 528 1240 „venit
546 1159 583 1220 ad
606 1177 662 1222 nos
683 1160 862 1240 llogrmtiam
886 1179 981 1222 novas
1002 1167 1192 1242 superstitio-

154 1281 212 1326 nes
243 1270 271 1323 et
299 1262 419 1322 noxiam
436 1259 606 1340 ,doctrinam
633 1258 670 1319 de
692 1260 965 1338 praedestinatione
981 1263 1035 1323 Dei
1055 1264 1194 1327 introdu-

160 1381 242 1438 cens,
262 1369 292 1423 ct
311 1359 438 1442 populos
459 1360 489 1420 i‘n
515 1377 648 1422 errorem
671 1362 800 1436 mittens,
825 1361 940 1439 dicens,
962 1361 1041 1441 quod
1062 1364 1194 1443 praede-

160 1467 277 1524 stinatio
301 1464 365 1538 Dei,
388 1463 466 1521 sicot
485 1459 515 1521 in
538 1461 630 1539 bono,
653 1463 691 1522 sil
711 1462 750 1522 ita
774 1468 801 1523 el
823 1463 960 1538 lamala,
991 1469 1021 1524 et
1041 1464 1116 1526 tales
1137 1467 1196 1526 sint

158 1567 190 1627 in
213 1563 400 1625 boemundo
422 1560 557 1639 quidam,
587 1563 636 1642 oui
658 1569 779 1641 propter
804 1564 1108 1641 praedestinationem
1129 1565 1196 1643 Dei,

158 1681 311 1744 qnaeeos
333 1669 421 1744 cogat
444 1663 700 1738 inmorientis,
737 1680 797 1723 non
828 1665 942 1743 possint
974 1665 1011 1726 ab
1041 1683 1145 1728 errore
1167 1671 1211 1729 ct·

157 1771 284 1846 peccato
308 1781 341 1824 se
363 1764 537 1844 corrigere,
558 1763 644 1841 qnasi
659 1763 739 1823 Deos
764 1781 818 1824 eos
840 1765 960 1826 lecisset
980 1767 1018 1827 ab
1039 1767 1123 1830 initio
1148 1766 1198 1826 in-

158 1855 351 1946 corrigibiles
371 1880 449 1938 esse,
469 1869 498 1926 ct
518 1879 635 1942 poenae
660 1864 810 1925 obnoxios
829 1865 858 1925 in
881 1866 1029 1927 interitum
1052 1866 1178 1928 ἰωμ-

198 1983 199 1986 ’
245 1965 312 2024 lloc
336 1963 472 2025 iodicium
494 1963 627 2042 synodus
647 1963 874 2043 Carisiaccnsis‚
897 1965 935 2026 ad
958 1984 1044 2046 quam
1057 1966 1199 2027 Hincma-

160 2085 214 2132 rus
246 2068 365 2126 missum
394 2065 452 2126 sibi
480 2064 709 2128 Gollresoalcum
732 2065 769 2126 de
791 2068 909 2147 integro
931 2067 1120 2128 indicendum
1142 2068 1200 2128 ad-

162 2169 305 2243 duxerat,
338 2168 459 2228 omnino
483 2174 577 2227 ratum
600 2166 720 2242 habuit,
752 2173 840 2246 atque
870 2173 1027 2246 praeterea
1050 2167 1201 2228 inlelicern

161 2269 243 2330 illum
265 2265 439 2328 monachum
453 2273 583 2350 ,propter
603 2267 814 2345 pertinaciam,
846 2285 902 2345 qna
924 2283 995 2328 usus
1019 2275 1109 2343 esset,
1127 2285 1202 2348 gra.

161 2371 283 2430 vissinra
301 2384 402 2446 poena
426 2365 534 2428 allecit.
571 2367 677 2428 Narrat
696 2365 773 2427 banc
793 2385 855 2429 rem
875 2368 1050 2429 Hincmarus
1073 2368 1103 2428 in
1124 2367 1200 2430 libro

163 2467 201 2528 de
221 2467 495 2546 praedestinatione
505 2469 549 2544 ὑ).
591 2467 851 2546 „Gotbescalcus‚“
883 2469 986 2550 inquil,
1020 2470 1093 2548 „sia
1121 2474 1153 2529 ut
1173 2474 1203 2530 et

168 2567 198 2628 in
217 2567 387 2648 Mogontlna
411 2568 541 2644 civitate,
565 2568 701 2628 inventus
723 2573 802 2644 (est)
833 2567 1002 2631 lraereticus
1037 2575 1125 2648 atque
1150 2569 1203 2628 in-

168 2667 354 2750 corrigibilis.
396 2668 519 2731 lionore
547 2667 744 2748 presbyterali
776 2704 813 2716 -
847 2705 886 2716 -
915 2669 1049 2730 abiectus
1084 2674 1115 2728 et
1146 2681 1202 2746 pro

168 2841 509 2855 ——o———u—n—

218 2937 248 3000 lt)
266 2935 355 3005 erom
375 2933 527 2985 Orbacenae
545 2923 733 2985 monasterium
752 2935 859 3003 proprie
878 2943 948 2986 esset
975 2934 1106 2987 dioecesis
1124 2934 1205 2986 Sues-

266 3021 402 3083 sonensis‚
432 3029 459 3072 et
483 3038 542 3071 cum
564 3020 613 3071 hac
634 3020 739 3072 demum
760 3021 878 3073 dioecesi
898 3023 926 3073 in
947 3023 1134 3092 metropolitae
1155 3023 1204 3076 Re„

268 3109 367 3160 mensis
385 3108 597 3159 iurisdictionem
625 3107 792 3170 concederet,
810 3109 957 3160 mittendos
976 3111 1026 3160 luit
1044 3127 1099 3160 non
1118 3110 1205 3160 arciri-

267 3197 396 3266 episcopo
420 3197 560 3255 ilamensi,
588 3194 633 3245 saal
664 3197 789 3263 episcopo
809 3197 991 3246 suessonensi.
1028 3197 1133 3248 Veram¹
1150 3199 1206 3264 ipse

266 3285 423 3334 llincmaroa
441 3285 469 3334 in
487 3285 566 3352 epist.
585 3283 619 3334 ad
641 3283 781 3334 Nicolaum
801 3285 818 3334 l.
847 3287 941 3344 missa,
969 3299 1040 3352 quae
1066 3293 1107 3336 est
1134 3283 1206 3352 apud

268 3369 446 3423 Flodoarrlum
478 3370 527 3438 (cl.
557 3370 699 3422 Floiloardi
730 3371 793 3422 hist.
820 3367 914 3422 eccles.
943 3373 1063 3422 Remotis.
1094 3370 1141 3421 lib.
1158 3371 1206 3431 ΙΙΙ,

266 3475 324 3527 cap.
346 3457 477 3524 ta-tt),
512 3456 644 3519 declarat,
666 3475 712 3508 cur
730 3458 933 3520 Gollrescalcus,
950 3459 1077 3527 episcopo
1094 3459 1208 3510 Suesso-

265 3545 342 3595 nensi
364 3544 468 3608 relicto,
486 3560 501 3594 a
519 3561 547 3595 se
567 3545 736 3614 potissimum
751 3544 881 3596 iudicatus
895 3546 944 3597 sit:
964 3547 1044 3616 „quin
1060 3545 1204 3612 anthadus,

269 3630 304 3680 de
324 3631 399 3681 cuius
419 3631 545 3700 parochia
565 3640 630 3694 erat,
649 3633 689 3682 illi
709 3631 848 3683 nesciebat
865 3633 1016 3684 resisterem
1051 3634 1123 3685 taem
1152 3637 1206 3686 llo-

271 3716 371 3769 tlrnolns
394 3720 473 3769 etiam
486 3721 647 3789 'episcopato
668 3737 715 3770 suo
739 3720 839 3772 eiectos
860 3729 900 3772 est
918 3723 966 3790 (cf.
984 3721 1112 3774 hisaltae
1134 3723 1167 3774 de
1180 3724 1206 3773 la

270 3803 372 3857 Franco
389 3813 453 3858 tom.
472 3807 503 3866 V,
524 3824 550 3875 p.
571 3806 644 3874 500).

223 3909 254 3976 5)
273 3910 307 3960 cl.
326 3909 413 3962 blansi
432 3909 477 3960 l.l.
496 3909 547 3959 col.
565 3907 655 3960 91413.
673 3925 731 3979 seq.
745 3939 779 3952 --
805 3957 808 3962 .

224 4012 255 4080 6)
274 4013 308 4064 cl.
328 4015 413 4064 lllanai
432 4013 481 4064 l.t.
502 4013 553 4064 col.
576 4011 667 4077 stoa,
691 4031 756 4084 seq„
777 4011 873 4062 nectes.
894 4011 977 4082 lugat.
998 4013 1046 4064 lib.
1069 4012 1102 4064 tle
1124 4013 1207 4065 tribus

269 4101 347 4169 epist.
366 4117 422 4170 cap.
441 4099 485 4164 24,
503 4101 585 4164 (Max.
604 4099 671 4151 bibl.
688 4109 743 4172 pat.
763 4101 827 4152 edit.
848 4099 931 4166 Lugii.
950 4109 1012 4151 tom.
1033 4099 1085 4163 titt,
1111 4117 1137 4169 p.
1155 4100 1207 4152 679

271 4187 333 4238 C-
346 4187 390 4252 b).
587 4212 589 4218 ·
1004 4215 1006 4222 ν
