<?xml version="1.0" encoding="UTF-8"?>
<!DOCTYPE html PUBLIC "-//W3C//DTD XHTML 1.0 Transitional//EN"
    "http://www.w3.org/TR/xhtml1/DTD/xhtml1-transitional.dtd">
<html xmlns="http://www.w3.org/1999/xhtml" xml:lang="en" lang="en">
 <head>
  <title>
</title>
<meta http-equiv="Content-Type" content="text/html;charset=utf-8" />
  <meta name='ocr-system' content='tesseract 3.04.00' />
  <meta name='ocr-capabilities' content='ocr_page ocr_carea ocr_par ocr_line ocrx_word'/>
</head>
<body>
  <div class='ocr_page' id='page_1' title='image "./deioannescotoer01unkngoog_0017.png"; bbox 0 0 3014 4950; ppageno 0'>
   <div class='ocr_carea' id='block_1_1' title="bbox 335 441 355 503">
    <p class='ocr_par' dir='ltr' id='par_1_1' title="bbox 335 441 355 503">
     <span class='ocr_line' id='line_1_1' title="bbox 335 441 355 503; baseline 0 0"><span class='ocrx_word' id='word_1_1' title='bbox 335 441 355 503; x_wconf 90' lang='lat'>8</span> 
     </span>
    </p>
   </div>
   <div class='ocr_carea' id='block_1_2' title="bbox 306 618 1377 2308">
    <p class='ocr_par' dir='ltr' id='par_1_2' title="bbox 306 618 1377 1104">
     <span class='ocr_line' id='line_1_2' title="bbox 333 618 1377 703; baseline 0.006 -21"><span class='ocrx_word' id='word_1_2' title='bbox 333 618 450 701; x_wconf 84' lang='lat' dir='ltr'><strong>plenius</strong></span> <span class='ocrx_word' id='word_1_3' title='bbox 481 618 520 681; x_wconf 90' lang='lat' dir='ltr'><strong>de</strong></span> <span class='ocrx_word' id='word_1_4' title='bbox 548 619 605 682; x_wconf 89' lang='lat' dir='ltr'><strong>bac</strong></span> <span class='ocrx_word' id='word_1_5' title='bbox 634 620 809 702; x_wconf 84' lang='lat' dir='ltr'>regiuncula</span> <span class='ocrx_word' id='word_1_6' title='bbox 830 620 991 682; x_wconf 87' lang='lat' dir='ltr'><strong>docebunt.</strong></span> <span class='ocrx_word' id='word_1_7' title='bbox 1035 623 1166 696; x_wconf 83' lang='lat' dir='ltr'><strong>Quorum</strong></span> <span class='ocrx_word' id='word_1_8' title='bbox 1201 623 1250 686; x_wconf 90' lang='lat' dir='ltr'><strong>bic</strong></span> <span class='ocrx_word' id='word_1_9' title='bbox 1284 631 1377 703; x_wconf 89' lang='lat' dir='ltr'><strong>nutat,</strong></span> 
     </span>
     <span class='ocr_line' id='line_1_3' title="bbox 306 720 1376 806; baseline 0.007 -25"><span class='ocrx_word' id='word_1_10' title='bbox 306 735 309 746; x_wconf 88' lang='lat'>·</span> <span class='ocrx_word' id='word_1_11' title='bbox 333 720 427 782; x_wconf 87' lang='lat' dir='ltr'><strong>luisse</strong></span> <span class='ocrx_word' id='word_1_12' title='bbox 446 727 560 800; x_wconf 94' lang='lat' dir='ltr'><strong>partem</strong></span> <span class='ocrx_word' id='word_1_13' title='bbox 584 720 764 782; x_wconf 87' lang='lat' dir='ltr'><strong>dioeceseos</strong></span> <span class='ocrx_word' id='word_1_14' title='bbox 786 720 1028 796; x_wconf 69' lang='lat' dir='ltr'><strong>llenevensis23)</strong></span> <span class='ocrx_word' id='word_1_15' title='bbox 1051 768 1059 784; x_wconf 94' lang='lat'><strong>.</strong></span> <span class='ocrx_word' id='word_1_16' title='bbox 1081 767 1088 785; x_wconf 94' lang='lat'><strong>.</strong></span> <span class='ocrx_word' id='word_1_17' title='bbox 1111 769 1118 784; x_wconf 95' lang='lat'><strong>.</strong></span> <span class='ocrx_word' id='word_1_18' title='bbox 1144 723 1235 786; x_wconf 87' lang='lat' dir='ltr'><strong>lluius</strong></span> <span class='ocrx_word' id='word_1_19' title='bbox 1257 741 1376 806; x_wconf 89' lang='lat' dir='ltr'><strong>quoque</strong></span> 
     </span>
     <span class='ocr_line' id='line_1_4' title="bbox 332 821 1375 906; baseline 0.005 -23"><span class='ocrx_word' id='word_1_20' title='bbox 332 821 537 902; x_wconf 85' lang='lat' dir='ltr'><strong>provinciolae</strong></span> <span class='ocrx_word' id='word_1_21' title='bbox 559 823 692 883; x_wconf 82' lang='lat' dir='ltr'><strong>meminit</strong></span> <span class='ocrx_word' id='word_1_22' title='bbox 722 823 800 883; x_wconf 89' lang='lat' dir='ltr'><strong>liber</strong></span> <span class='ocrx_word' id='word_1_23' title='bbox 830 821 1019 902; x_wconf 76' lang='lat' dir='ltr'><strong>Domesday,</strong></span> <span class='ocrx_word' id='word_1_24' title='bbox 1057 823 1086 884; x_wconf 94' lang='lat' dir='ltr'><strong>in</strong></span> <span class='ocrx_word' id='word_1_25' title='bbox 1118 841 1178 904; x_wconf 90' lang='lat' dir='ltr'><strong>quo</strong></span> <span class='ocrx_word' id='word_1_26' title='bbox 1211 827 1256 886; x_wconf 90' lang='lat' dir='ltr'><strong>sic</strong></span> <span class='ocrx_word' id='word_1_27' title='bbox 1287 825 1375 906; x_wconf 84' lang='lat' dir='ltr'><strong>lego:</strong></span> 
     </span>
     <span class='ocr_line' id='line_1_5' title="bbox 331 921 1375 1001; baseline 0.003 -18"><span class='ocrx_word' id='word_1_28' title='bbox 331 921 443 1001; x_wconf 91' lang='lat' dir='ltr'><strong>„„llae</strong></span> <span class='ocrx_word' id='word_1_29' title='bbox 467 923 699 984; x_wconf 90' lang='lat' dir='ltr'><strong>consuetudines</strong></span> <span class='ocrx_word' id='word_1_30' title='bbox 723 930 808 985; x_wconf 89' lang='lat' dir='ltr'><strong>erant</strong></span> <span class='ocrx_word' id='word_1_31' title='bbox 829 923 1023 986; x_wconf 86' lang='lat' dir='ltr'><strong>Wallensium</strong></span> <span class='ocrx_word' id='word_1_32' title='bbox 1044 923 1076 986; x_wconf 83' lang='lat' dir='ltr'><strong>T.</strong></span> <span class='ocrx_word' id='word_1_33' title='bbox 1097 924 1131 987; x_wconf 85' lang='lat' dir='ltr'><strong>ll.</strong></span> <span class='ocrx_word' id='word_1_34' title='bbox 1148 925 1181 988; x_wconf 87' lang='lat' dir='ltr'><strong>E.</strong></span> <span class='ocrx_word' id='word_1_35' title='bbox 1206 926 1235 986; x_wconf 93' lang='lat' dir='ltr'><strong>in</strong></span> <span class='ocrx_word' id='word_1_36' title='bbox 1254 925 1375 988; x_wconf 85' lang='lat' dir='ltr'><strong>Arabe-</strong></span> 
     </span>
     <span class='ocr_line' id='line_1_6' title="bbox 331 1021 814 1104; baseline 0 -20"><span class='ocrx_word' id='word_1_37' title='bbox 331 1021 454 1099; x_wconf 87' lang='lat' dir='ltr'><strong>neleldt,</strong></span> <span class='ocrx_word' id='word_1_38' title='bbox 478 1023 498 1084; x_wconf 93' lang='lat' dir='ltr'><strong>i.</strong></span> <span class='ocrx_word' id='word_1_39' title='bbox 520 1040 547 1085; x_wconf 89' lang='lat' dir='ltr'><strong>e.</strong></span> <span class='ocrx_word' id='word_1_40' title='bbox 570 1023 749 1104; x_wconf 79' lang='lat' dir='ltr'><strong>Ergene.““</strong></span> <span class='ocrx_word' id='word_1_41' title='bbox 774 1059 814 1068; x_wconf 92' lang='lat'><strong>—</strong></span> 
     </span>
    </p>

    <p class='ocr_par' dir='ltr' id='par_1_3' title="bbox 327 1120 1374 1901">
     <span class='ocr_line' id='line_1_7' title="bbox 415 1120 1374 1203; baseline -0.002 -19"><span class='ocrx_word' id='word_1_42' title='bbox 415 1122 499 1195; x_wconf 82' lang='lat' dir='ltr'><strong>Quae</strong></span> <span class='ocrx_word' id='word_1_43' title='bbox 531 1140 596 1184; x_wconf 90' lang='lat' dir='ltr'><strong>cum</strong></span> <span class='ocrx_word' id='word_1_44' title='bbox 620 1124 660 1184; x_wconf 90' lang='lat' dir='ltr'><strong>ita</strong></span> <span class='ocrx_word' id='word_1_45' title='bbox 680 1124 759 1200; x_wconf 89' lang='lat' dir='ltr'><strong>sint,</strong></span> <span class='ocrx_word' id='word_1_46' title='bbox 791 1123 869 1184; x_wconf 90' lang='lat' dir='ltr'><strong>banc</strong></span> <span class='ocrx_word' id='word_1_47' title='bbox 890 1120 928 1183; x_wconf 92' lang='lat' dir='ltr'><strong>de</strong></span> <span class='ocrx_word' id='word_1_48' title='bbox 950 1122 1033 1185; x_wconf 87' lang='lat' dir='ltr'><strong>Secti</strong></span> <span class='ocrx_word' id='word_1_49' title='bbox 1054 1123 1148 1203; x_wconf 85' lang='lat' dir='ltr'><strong>patria</strong></span> <span class='ocrx_word' id='word_1_50' title='bbox 1170 1123 1374 1202; x_wconf 85' lang='lat' dir='ltr'><strong>coniecturam</strong></span> 
     </span>
     <span class='ocr_line' id='line_1_8' title="bbox 330 1222 1374 1303; baseline 0.002 -21"><span class='ocrx_word' id='word_1_51' title='bbox 330 1222 442 1284; x_wconf 93' lang='lat' dir='ltr'><strong>nemini</strong></span> <span class='ocrx_word' id='word_1_52' title='bbox 462 1239 524 1283; x_wconf 87' lang='lat' dir='ltr'><strong>non</strong></span> <span class='ocrx_word' id='word_1_53' title='bbox 545 1222 717 1303; x_wconf 89' lang='lat' dir='ltr'><strong>placituram</strong></span> <span class='ocrx_word' id='word_1_54' title='bbox 749 1240 819 1284; x_wconf 89' lang='lat' dir='ltr'><strong>esse</strong></span> <span class='ocrx_word' id='word_1_55' title='bbox 852 1223 1038 1286; x_wconf 70' lang='lat' dir='ltr'><strong>arbitramur.</strong></span> <span class='ocrx_word' id='word_1_56' title='bbox 1092 1223 1185 1286; x_wconf 91' lang='lat' dir='ltr'><strong>Nobis</strong></span> <span class='ocrx_word' id='word_1_57' title='bbox 1219 1229 1301 1286; x_wconf 88' lang='lat' dir='ltr'><strong>certe</strong></span> <span class='ocrx_word' id='word_1_58' title='bbox 1334 1222 1374 1284; x_wconf 90' lang='lat' dir='ltr'><strong>ila</strong></span> 
     </span>
     <span class='ocr_line' id='line_1_9' title="bbox 330 1321 1373 1402; baseline 0.002 -20"><span class='ocrx_word' id='word_1_59' title='bbox 330 1321 452 1398; x_wconf 89' lang='lat' dir='ltr'><strong>arridet,</strong></span> <span class='ocrx_word' id='word_1_60' title='bbox 475 1327 517 1399; x_wconf 91' lang='lat' dir='ltr'><strong>ut,</strong></span> <span class='ocrx_word' id='word_1_61' title='bbox 540 1323 591 1401; x_wconf 89' lang='lat' dir='ltr'><strong>qui</strong></span> <span class='ocrx_word' id='word_1_62' title='bbox 611 1329 769 1402; x_wconf 75' lang='lat' dir='ltr'><strong>praeterea</strong></span> <span class='ocrx_word' id='word_1_63' title='bbox 789 1321 874 1399; x_wconf 89' lang='lat' dir='ltr'><strong>nibil,</strong></span> <span class='ocrx_word' id='word_1_64' title='bbox 895 1321 976 1402; x_wconf 91' lang='lat' dir='ltr'><strong>quod</strong></span> <span class='ocrx_word' id='word_1_65' title='bbox 998 1321 1119 1402; x_wconf 86' lang='lat' dir='ltr'><strong>propius</strong></span> <span class='ocrx_word' id='word_1_66' title='bbox 1141 1321 1180 1384; x_wconf 91' lang='lat' dir='ltr'><strong>ad</strong></span> <span class='ocrx_word' id='word_1_67' title='bbox 1202 1323 1266 1384; x_wconf 86' lang='lat' dir='ltr'><strong>veri</strong></span> <span class='ocrx_word' id='word_1_68' title='bbox 1286 1321 1373 1384; x_wconf 90' lang='lat' dir='ltr'><strong>simi-</strong></span> 
     </span>
     <span class='ocr_line' id='line_1_10' title="bbox 328 1420 1372 1502; baseline 0 -20"><span class='ocrx_word' id='word_1_69' title='bbox 328 1420 482 1483; x_wconf 89' lang='lat' dir='ltr'><strong>litudinem</strong></span> <span class='ocrx_word' id='word_1_70' title='bbox 502 1422 638 1500; x_wconf 82' lang='lat' dir='ltr'><strong>accedat,</strong></span> <span class='ocrx_word' id='word_1_71' title='bbox 670 1441 777 1485; x_wconf 90' lang='lat' dir='ltr'><strong>eruere</strong></span> <span class='ocrx_word' id='word_1_72' title='bbox 801 1439 891 1502; x_wconf 87' lang='lat' dir='ltr'><strong>pesse</strong></span> <span class='ocrx_word' id='word_1_73' title='bbox 911 1421 1075 1500; x_wconf 89' lang='lat' dir='ltr'><strong>videamur,</strong></span> <span class='ocrx_word' id='word_1_74' title='bbox 1109 1421 1260 1484; x_wconf 87' lang='lat' dir='ltr'><strong>hocloco</strong></span> <span class='ocrx_word' id='word_1_75' title='bbox 1282 1423 1311 1486; x_wconf 90' lang='lat' dir='ltr'><strong>in</strong></span> <span class='ocrx_word' id='word_1_76' title='bbox 1334 1437 1372 1482; x_wconf 89' lang='lat' dir='ltr'><strong>ea</strong></span> 
     </span>
     <span class='ocr_line' id='line_1_11' title="bbox 329 1521 1371 1604; baseline 0.001 -21"><span class='ocrx_word' id='word_1_77' title='bbox 329 1521 580 1602; x_wconf 88' lang='lat' dir='ltr'><strong>acquiescendum</strong></span> <span class='ocrx_word' id='word_1_78' title='bbox 600 1529 745 1602; x_wconf 89' lang='lat' dir='ltr'><strong>putemus.</strong></span> <span class='ocrx_word' id='word_1_79' title='bbox 787 1523 880 1604; x_wconf 91' lang='lat' dir='ltr'><strong>ldquc</strong></span> <span class='ocrx_word' id='word_1_80' title='bbox 901 1539 939 1584; x_wconf 86' lang='lat' dir='ltr'><strong>eu</strong></span> <span class='ocrx_word' id='word_1_81' title='bbox 960 1521 1099 1584; x_wconf 85' lang='lat' dir='ltr'><strong>libentius</strong></span> <span class='ocrx_word' id='word_1_82' title='bbox 1121 1522 1259 1599; x_wconf 83' lang='lat' dir='ltr'><strong>iacimus,</strong></span> <span class='ocrx_word' id='word_1_83' title='bbox 1283 1540 1371 1602; x_wconf 94' lang='lat' dir='ltr'><strong>quum</strong></span> 
     </span>
     <span class='ocr_line' id='line_1_12' title="bbox 328 1620 1370 1698; baseline 0.003 -16"><span class='ocrx_word' id='word_1_84' title='bbox 328 1621 418 1683; x_wconf 89' lang='lat' dir='ltr'><strong>etiam</strong></span> <span class='ocrx_word' id='word_1_85' title='bbox 438 1623 534 1684; x_wconf 86' lang='lat' dir='ltr'><strong>virum</strong></span> <span class='ocrx_word' id='word_1_86' title='bbox 556 1620 759 1684; x_wconf 90' lang='lat' dir='ltr'><strong>doctissimum</strong></span> <span class='ocrx_word' id='word_1_87' title='bbox 781 1624 833 1686; x_wconf 90' lang='lat' dir='ltr'><strong>Dr.</strong></span> <span class='ocrx_word' id='word_1_88' title='bbox 856 1622 888 1685; x_wconf 80' lang='lat' dir='ltr'><strong>O.</strong></span> <span class='ocrx_word' id='word_1_89' title='bbox 919 1623 949 1684; x_wconf 90' lang='lat' dir='ltr'><strong>F.</strong></span> <span class='ocrx_word' id='word_1_90' title='bbox 979 1622 1141 1698; x_wconf 81' lang='lat' dir='ltr'><strong>lluclrlum,</strong></span> <span class='ocrx_word' id='word_1_91' title='bbox 1173 1623 1258 1684; x_wconf 85' lang='lat' dir='ltr'><strong>euius</strong></span> <span class='ocrx_word' id='word_1_92' title='bbox 1290 1623 1370 1685; x_wconf 92' lang='lat' dir='ltr'><strong>iudi-</strong></span> 
     </span>
     <span class='ocr_line' id='line_1_13' title="bbox 328 1722 1370 1803; baseline 0.003 -20"><span class='ocrx_word' id='word_1_93' title='bbox 328 1722 407 1784; x_wconf 91' lang='lat' dir='ltr'><strong>cinm</strong></span> <span class='ocrx_word' id='word_1_94' title='bbox 429 1723 516 1785; x_wconf 88' lang='lat' dir='ltr'><strong>nobis</strong></span> <span class='ocrx_word' id='word_1_95' title='bbox 539 1723 655 1803; x_wconf 84' lang='lat' dir='ltr'><strong>plurimi</strong></span> <span class='ocrx_word' id='word_1_96' title='bbox 686 1741 755 1786; x_wconf 87' lang='lat' dir='ltr'><strong>esse</strong></span> <span class='ocrx_word' id='word_1_97' title='bbox 789 1722 987 1801; x_wconf 87' lang='lat' dir='ltr'><strong>debet,-bac</strong></span> <span class='ocrx_word' id='word_1_98' title='bbox 1017 1723 1046 1785; x_wconf 92' lang='lat' dir='ltr'><strong>in</strong></span> <span class='ocrx_word' id='word_1_99' title='bbox 1077 1723 1224 1788; x_wconf 86' lang='lat' dir='ltr'><strong>sententia</strong></span> <span class='ocrx_word' id='word_1_100' title='bbox 1253 1725 1370 1786; x_wconf 87' lang='lat' dir='ltr'><strong>versari</strong></span> 
     </span>
     <span class='ocr_line' id='line_1_14' title="bbox 327 1821 548 1901; baseline 0.005 -17"><span class='ocrx_word' id='word_1_101' title='bbox 327 1821 548 1901; x_wconf 66' lang='lat' dir='ltr'><strong>uideamus2l).</strong></span> 
     </span>
    </p>

    <p class='ocr_par' dir='ltr' id='par_1_4' title="bbox 325 1921 1368 2308">
     <span class='ocr_line' id='line_1_15' title="bbox 408 1921 1368 2006; baseline 0.001 -20"><span class='ocrx_word' id='word_1_102' title='bbox 408 1924 530 2002; x_wconf 85' lang='lat' dir='ltr'><strong>Restat,</strong></span> <span class='ocrx_word' id='word_1_103' title='bbox 553 1923 664 1985; x_wconf 90' lang='lat' dir='ltr'><strong>utiam</strong></span> <span class='ocrx_word' id='word_1_104' title='bbox 689 1921 903 2002; x_wconf 86' lang='lat' dir='ltr'><strong>detempore,</strong></span> <span class='ocrx_word' id='word_1_105' title='bbox 935 1923 1091 1988; x_wconf 86' lang='lat' dir='ltr'><strong>videamus</strong></span> <span class='ocrx_word' id='word_1_106' title='bbox 1119 1941 1178 2006; x_wconf 89' lang='lat' dir='ltr'><strong>quc</strong></span> <span class='ocrx_word' id='word_1_107' title='bbox 1210 1931 1297 1994; x_wconf 89' lang='lat' dir='ltr'><strong>natus</strong></span> <span class='ocrx_word' id='word_1_108' title='bbox 1328 1924 1368 1988; x_wconf 86' lang='lat' dir='ltr'><strong>sit</strong></span> 
     </span>
     <span class='ocr_line' id='line_1_16' title="bbox 326 2022 1367 2108; baseline 0.004 -24"><span class='ocrx_word' id='word_1_109' title='bbox 326 2022 468 2086; x_wconf 85' lang='lat' dir='ltr'><strong>loannes.</strong></span> <span class='ocrx_word' id='word_1_110' title='bbox 521 2023 584 2086; x_wconf 89' lang='lat' dir='ltr'><strong>Etsi</strong></span> <span class='ocrx_word' id='word_1_111' title='bbox 615 2023 706 2104; x_wconf 85' lang='lat' dir='ltr'><strong>igitur</strong></span> <span class='ocrx_word' id='word_1_112' title='bbox 734 2040 773 2084; x_wconf 93' lang='lat' dir='ltr'><strong>ne</strong></span> <span class='ocrx_word' id='word_1_113' title='bbox 803 2023 861 2086; x_wconf 87' lang='lat' dir='ltr'><strong>bac</strong></span> <span class='ocrx_word' id='word_1_114' title='bbox 888 2024 1006 2105; x_wconf 88' lang='lat' dir='ltr'><strong>quidem</strong></span> <span class='ocrx_word' id='word_1_115' title='bbox 1039 2024 1087 2108; x_wconf 72' lang='lat' dir='ltr'><strong>lde</strong></span> <span class='ocrx_word' id='word_1_116' title='bbox 1119 2042 1153 2088; x_wconf 88' lang='lat' dir='ltr'><strong>rc</strong></span> <span class='ocrx_word' id='word_1_117' title='bbox 1186 2025 1264 2106; x_wconf 87' lang='lat' dir='ltr'><strong>apud</strong></span> <span class='ocrx_word' id='word_1_118' title='bbox 1307 2042 1367 2088; x_wconf 90' lang='lat' dir='ltr'><strong>an-</strong></span> 
     </span>
     <span class='ocr_line' id='line_1_17' title="bbox 327 2123 1365 2207; baseline 0.003 -22"><span class='ocrx_word' id='word_1_119' title='bbox 327 2125 427 2205; x_wconf 89' lang='lat' dir='ltr'><strong>tiquos</strong></span> <span class='ocrx_word' id='word_1_120' title='bbox 448 2129 587 2188; x_wconf 86' lang='lat' dir='ltr'><strong>auctores</strong></span> <span class='ocrx_word' id='word_1_121' title='bbox 612 2123 733 2185; x_wconf 87' lang='lat' dir='ltr'><strong>disertis</strong></span> <span class='ocrx_word' id='word_1_122' title='bbox 763 2124 863 2186; x_wconf 89' lang='lat' dir='ltr'><strong>verbis</strong></span> <span class='ocrx_word' id='word_1_123' title='bbox 897 2125 1057 2206; x_wconf 86' lang='lat' dir='ltr'><strong>quidquam</strong></span> <span class='ocrx_word' id='word_1_124' title='bbox 1085 2128 1281 2207; x_wconf 89' lang='lat' dir='ltr'><strong>perscriptum</strong></span> <span class='ocrx_word' id='word_1_125' title='bbox 1315 2127 1365 2204; x_wconf 87' lang='lat' dir='ltr'><strong>sit,</strong></span> 
     </span>
     <span class='ocr_line' id='line_1_18' title="bbox 325 2222 1367 2308; baseline 0.004 -22"><span class='ocrx_word' id='word_1_126' title='bbox 325 2225 513 2304; x_wconf 88' lang='lat' dir='ltr'><strong>reperiuntur</strong></span> <span class='ocrx_word' id='word_1_127' title='bbox 544 2231 644 2286; x_wconf 89' lang='lat' dir='ltr'><strong>tamen</strong></span> <span class='ocrx_word' id='word_1_128' title='bbox 678 2222 808 2303; x_wconf 88' lang='lat' dir='ltr'><strong>indicia,</strong></span> <span class='ocrx_word' id='word_1_129' title='bbox 842 2243 880 2288; x_wconf 83' lang='lat' dir='ltr'><strong>ex</strong></span> <span class='ocrx_word' id='word_1_130' title='bbox 912 2227 1017 2306; x_wconf 87' lang='lat' dir='ltr'><strong>quibus</strong></span> <span class='ocrx_word' id='word_1_131' title='bbox 1044 2228 1149 2290; x_wconf 87' lang='lat' dir='ltr'><strong>saltem</strong></span> <span class='ocrx_word' id='word_1_132' title='bbox 1170 2227 1281 2308; x_wconf 90' lang='lat' dir='ltr'><strong>aliquid</strong></span> <span class='ocrx_word' id='word_1_133' title='bbox 1296 2227 1367 2291; x_wconf 87' lang='lat' dir='ltr'><strong>ccl-</strong></span> 
     </span>
    </p>
   </div>
   <div class='ocr_carea' id='block_1_3' title="bbox 324 2319 1378 2432">
    <p class='ocr_par' dir='ltr' id='par_1_5' title="bbox 324 2319 1378 2432">
     <span class='ocr_line' id='line_1_19' title="bbox 324 2319 1378 2432; baseline 0.003 -47"><span class='ocrx_word' id='word_1_134' title='bbox 324 2322 377 2405; x_wconf 84' lang='lat' dir='ltr'><strong>ligi</strong></span> <span class='ocrx_word' id='word_1_135' title='bbox 398 2330 496 2406; x_wconf 89' lang='lat' dir='ltr'><strong>queat.</strong></span> <span class='ocrx_word' id='word_1_136' title='bbox 541 2323 665 2386; x_wconf 85' lang='lat' dir='ltr'><strong>Constat</strong></span> <span class='ocrx_word' id='word_1_137' title='bbox 695 2325 774 2386; x_wconf 91' lang='lat' dir='ltr'><strong>enim</strong></span> <span class='ocrx_word' id='word_1_138' title='bbox 805 2326 1026 2405; x_wconf 88' lang='lat' dir='ltr'><strong>quodammodo</strong></span> <span class='ocrx_word' id='word_1_139' title='bbox 1058 2326 1096 2390; x_wconf 91' lang='lat' dir='ltr'><strong>de</strong></span> <span class='ocrx_word' id='word_1_140' title='bbox 1127 2333 1280 2408; x_wconf 89' lang='lat' dir='ltr'><strong>tempore,</strong></span> <span class='ocrx_word' id='word_1_141' title='bbox 1308 2319 1378 2432; x_wconf 82' lang='lat' dir='ltr'><strong>per&#39;</strong></span> 
     </span>
    </p>
   </div>
   <div class='ocr_carea' id='block_1_4' title="bbox 324 2423 1366 2705">
    <p class='ocr_par' dir='ltr' id='par_1_6' title="bbox 324 2423 1366 2705">
     <span class='ocr_line' id='line_1_20' title="bbox 325 2423 981 2506; baseline 0.006 -20"><span class='ocrx_word' id='word_1_142' title='bbox 325 2424 405 2506; x_wconf 88' lang='lat' dir='ltr'><strong>quod</strong></span> <span class='ocrx_word' id='word_1_143' title='bbox 427 2423 583 2488; x_wconf 89' lang='lat' dir='ltr'><strong>doctrinae</strong></span> <span class='ocrx_word' id='word_1_144' title='bbox 604 2423 694 2487; x_wconf 89' lang='lat' dir='ltr'><strong>laude</strong></span> <span class='ocrx_word' id='word_1_145' title='bbox 717 2427 896 2506; x_wconf 88' lang='lat' dir='ltr'><strong>conspicuus</strong></span> <span class='ocrx_word' id='word_1_146' title='bbox 918 2427 981 2490; x_wconf 88' lang='lat' dir='ltr'><strong>fuit.</strong></span> 
     </span>
     <span class='ocr_line' id='line_1_21' title="bbox 405 2525 1366 2610; baseline 0.002 -21"><span class='ocrx_word' id='word_1_147' title='bbox 405 2525 480 2589; x_wconf 91' lang='lat' dir='ltr'><strong>Nam</strong></span> <span class='ocrx_word' id='word_1_148' title='bbox 495 2543 602 2588; x_wconf 90' lang='lat' dir='ltr'><strong>versus</strong></span> <span class='ocrx_word' id='word_1_149' title='bbox 620 2525 731 2606; x_wconf 87' lang='lat' dir='ltr'><strong>aliquot</strong></span> <span class='ocrx_word' id='word_1_150' title='bbox 751 2527 789 2588; x_wconf 92' lang='lat' dir='ltr'><strong>ab</strong></span> <span class='ocrx_word' id='word_1_151' title='bbox 810 2528 875 2607; x_wconf 90' lang='lat' dir='ltr'><strong>ipso</strong></span> <span class='ocrx_word' id='word_1_152' title='bbox 897 2527 1056 2590; x_wconf 86' lang='lat' dir='ltr'><strong>conlectos</strong></span> <span class='ocrx_word' id='word_1_153' title='bbox 1074 2526 1217 2590; x_wconf 85' lang='lat' dir='ltr'><strong>babemus</strong></span> <span class='ocrx_word' id='word_1_154' title='bbox 1229 2530 1285 2606; x_wconf 78' lang='lat'><strong>²⁸),</strong></span> <span class='ocrx_word' id='word_1_155' title='bbox 1305 2526 1366 2610; x_wconf 90' lang='lat' dir='ltr'><strong>qui,</strong></span> 
     </span>
     <span class='ocr_line' id='line_1_22' title="bbox 324 2625 1364 2705; baseline -0.001 -17"><span class='ocrx_word' id='word_1_156' title='bbox 324 2643 391 2689; x_wconf 90' lang='lat' dir='ltr'><strong>cum</strong></span> <span class='ocrx_word' id='word_1_157' title='bbox 413 2625 534 2690; x_wconf 86' lang='lat' dir='ltr'><strong>loannis</strong></span> <span class='ocrx_word' id='word_1_158' title='bbox 557 2626 639 2704; x_wconf 84' lang='lat' dir='ltr'><strong>vill,</strong></span> <span class='ocrx_word' id='word_1_159' title='bbox 661 2627 771 2690; x_wconf 88' lang='lat' dir='ltr'><strong>Summi</strong></span> <span class='ocrx_word' id='word_1_160' title='bbox 792 2628 916 2705; x_wconf 76' lang='lat' dir='ltr'><strong>Pontii,</strong></span> <span class='ocrx_word' id='word_1_161' title='bbox 947 2629 1128 2692; x_wconf 88' lang='lat' dir='ltr'><strong>mentionem</strong></span> <span class='ocrx_word' id='word_1_162' title='bbox 1150 2628 1270 2705; x_wconf 88' lang='lat' dir='ltr'><strong>faciant,</strong></span> <span class='ocrx_word' id='word_1_163' title='bbox 1304 2644 1364 2688; x_wconf 86' lang='lat' dir='ltr'><strong>non</strong></span> 
     </span>
    </p>
   </div>
   <div class='ocr_carea' id='block_1_5' title="bbox 325 2726 1485 2809">
    <p class='ocr_par' dir='ltr' id='par_1_7' title="bbox 325 2726 1485 2809">
     <span class='ocr_line' id='line_1_23' title="bbox 325 2726 1485 2809; baseline 0.001 -20"><span class='ocrx_word' id='word_1_164' title='bbox 325 2733 394 2789; x_wconf 91' lang='lat' dir='ltr'><strong>ante</strong></span> <span class='ocrx_word' id='word_1_165' title='bbox 414 2727 503 2790; x_wconf 86' lang='lat' dir='ltr'><strong>linem</strong></span> <span class='ocrx_word' id='word_1_166' title='bbox 524 2729 593 2790; x_wconf 95' lang='lat' dir='ltr'><strong>anni</strong></span> <span class='ocrx_word' id='word_1_167' title='bbox 615 2726 830 2790; x_wconf 82' lang='lat' dir='ltr'><strong>DCCCLXXll.</strong></span> <span class='ocrx_word' id='word_1_168' title='bbox 850 2745 878 2809; x_wconf 89' lang='lat' dir='ltr'><strong>p.</strong></span> <span class='ocrx_word' id='word_1_169' title='bbox 903 2728 970 2792; x_wconf 85' lang='lat' dir='ltr'><strong>Chr.</strong></span> <span class='ocrx_word' id='word_1_170' title='bbox 994 2735 1053 2790; x_wconf 87' lang='lat' dir='ltr'><strong>nat.</strong></span> <span class='ocrx_word' id='word_1_171' title='bbox 1076 2729 1177 2808; x_wconf 90' lang='lat' dir='ltr'><strong>scripti</strong></span> <span class='ocrx_word' id='word_1_172' title='bbox 1200 2731 1283 2801; x_wconf 81' lang='lat' dir='ltr'><strong>sunt3</strong></span> <span class='ocrx_word' id='word_1_173' title='bbox 1305 2741 1363 2786; x_wconf 88' lang='lat' dir='ltr'><strong>nce</strong></span> <span class='ocrx_word' id='word_1_174' title='bbox 1484 2785 1485 2790; x_wconf 75' lang='grc'>,</span> 
     </span>
    </p>
   </div>
   <div class='ocr_carea' id='block_1_6' title="bbox 323 2823 1365 3108">
    <p class='ocr_par' dir='ltr' id='par_1_8' title="bbox 323 2823 1365 3108">
     <span class='ocr_line' id='line_1_24' title="bbox 323 2823 1362 2910; baseline -0.003 -20"><span class='ocrx_word' id='word_1_175' title='bbox 323 2833 423 2890; x_wconf 88' lang='lat' dir='ltr'><strong>tamen</strong></span> <span class='ocrx_word' id='word_1_176' title='bbox 443 2833 650 2910; x_wconf 79' lang='lat' dir='ltr'><strong>praeterquam</strong></span> <span class='ocrx_word' id='word_1_177' title='bbox 676 2827 758 2908; x_wconf 91' lang='lat' dir='ltr'><strong>quod</strong></span> <span class='ocrx_word' id='word_1_178' title='bbox 784 2831 844 2892; x_wconf 91' lang='lat' dir='ltr'><strong>iam</strong></span> <span class='ocrx_word' id='word_1_179' title='bbox 873 2830 993 2893; x_wconf 81' lang='lat' dir='ltr'><strong>circiter</strong></span> <span class='ocrx_word' id='word_1_180' title='bbox 1008 2848 1117 2893; x_wconf 88' lang='lat' dir='ltr'><strong>annum</strong></span> <span class='ocrx_word' id='word_1_181' title='bbox 1137 2823 1362 2903; x_wconf 77' lang='lat' dir='ltr'><strong>bccctxxv,</strong></span> 
     </span>
     <span class='ocr_line' id='line_1_25' title="bbox 323 2925 1365 3011; baseline -0.005 -19"><span class='ocrx_word' id='word_1_182' title='bbox 323 2935 356 2992; x_wconf 93' lang='lat' dir='ltr'><strong>ut</strong></span> <span class='ocrx_word' id='word_1_183' title='bbox 394 2947 461 2990; x_wconf 92' lang='lat' dir='ltr'><strong>cum</strong></span> <span class='ocrx_word' id='word_1_184' title='bbox 492 2927 589 3009; x_wconf 90' lang='lat' dir='ltr'><strong>aliqua</strong></span> <span class='ocrx_word' id='word_1_185' title='bbox 623 2934 705 2990; x_wconf 88' lang='lat' dir='ltr'><strong>certe</strong></span> <span class='ocrx_word' id='word_1_186' title='bbox 731 2929 987 2993; x_wconf 82' lang='lat' dir='ltr'><strong>verisimilitudine</strong></span> <span class='ocrx_word' id='word_1_187' title='bbox 1005 2947 1044 2992; x_wconf 85' lang='lat' dir='ltr'><strong>ex</strong></span> <span class='ocrx_word' id='word_1_188' title='bbox 1064 2929 1190 3011; x_wconf 86' lang='lat' dir='ltr'><strong>epistola</strong></span> <span class='ocrx_word' id='word_1_189' title='bbox 1212 2925 1365 2993; x_wconf 82' lang='lat' dir='ltr'><strong>Anastasii</strong></span> 
     </span>
     <span class='ocr_line' id='line_1_26' title="bbox 323 3026 1365 3108; baseline -0.004 -18"><span class='ocrx_word' id='word_1_190' title='bbox 323 3027 563 3108; x_wconf 85' lang='lat' dir='ltr'><strong>bibliothecarii,</strong></span> <span class='ocrx_word' id='word_1_191' title='bbox 605 3026 643 3090; x_wconf 88' lang='lat' dir='ltr'><strong>dc</strong></span> <span class='ocrx_word' id='word_1_192' title='bbox 679 3028 792 3092; x_wconf 89' lang='lat' dir='ltr'><strong>lcaune</strong></span> <span class='ocrx_word' id='word_1_193' title='bbox 837 3039 943 3093; x_wconf 89' lang='lat' dir='ltr'><strong>nostru</strong></span> <span class='ocrx_word' id='word_1_194' title='bbox 986 3031 1024 3094; x_wconf 94' lang='lat' dir='ltr'><strong>ad</strong></span> <span class='ocrx_word' id='word_1_195' title='bbox 1066 3030 1205 3094; x_wconf 80' lang='lat' dir='ltr'><strong>Catulum</strong></span> <span class='ocrx_word' id='word_1_196' title='bbox 1244 3026 1365 3090; x_wconf 87' lang='lat' dir='ltr'><strong>Calvum</strong></span> 
     </span>
    </p>
   </div>
   <div class='ocr_carea' id='block_1_7' title="bbox 322 3217 688 3232">
    <p class='ocr_par' dir='ltr' id='par_1_9' title="bbox 322 3217 688 3232">
     <span class='ocr_line' id='line_1_27' title="bbox 322 3217 688 3232; baseline -0.005 2"><span class='ocrx_word' id='word_1_197' title='bbox 322 3217 688 3232; x_wconf 49' lang='grc' dir='ltr'><strong>-ω--ι-ι-ιι-ι</strong></span> 
     </span>
    </p>
   </div>
   <div class='ocr_carea' id='block_1_8' title="bbox 356 3325 1363 3752">
    <p class='ocr_par' dir='ltr' id='par_1_10' title="bbox 356 3325 1363 3752">
     <span class='ocr_line' id='line_1_28' title="bbox 356 3325 1362 3403; baseline -0.01 -15"><span class='ocrx_word' id='word_1_198' title='bbox 356 3333 404 3403; x_wconf 79' lang='lat'><strong>23)</strong></span> <span class='ocrx_word' id='word_1_199' title='bbox 423 3334 471 3386; x_wconf 80' lang='lat' dir='ltr'><strong>Est</strong></span> <span class='ocrx_word' id='word_1_200' title='bbox 488 3334 570 3402; x_wconf 82' lang='lat' dir='ltr'><strong>igitur</strong></span> <span class='ocrx_word' id='word_1_201' title='bbox 591 3333 719 3396; x_wconf 81' lang='lat' dir='ltr'><strong>fortasse,</strong></span> <span class='ocrx_word' id='word_1_202' title='bbox 741 3340 771 3386; x_wconf 87' lang='lat' dir='ltr'><strong>ut</strong></span> <span class='ocrx_word' id='word_1_203' title='bbox 789 3333 844 3384; x_wconf 84' lang='lat' dir='ltr'><strong>veri</strong></span> <span class='ocrx_word' id='word_1_204' title='bbox 862 3329 966 3402; x_wconf 89' lang='lat' dir='ltr'><strong>aliquid</strong></span> <span class='ocrx_word' id='word_1_205' title='bbox 983 3331 1111 3382; x_wconf 81' lang='lat' dir='ltr'><strong>latentia</strong></span> <span class='ocrx_word' id='word_1_206' title='bbox 1132 3343 1182 3388; x_wconf 84' lang='lat' dir='ltr'><strong>eo,</strong></span> <span class='ocrx_word' id='word_1_207' title='bbox 1207 3325 1281 3396; x_wconf 86' lang='lat' dir='ltr'><strong>quod</strong></span> <span class='ocrx_word' id='word_1_208' title='bbox 1309 3327 1362 3378; x_wconf 86' lang='lat' dir='ltr'><strong>Bn-</strong></span> 
     </span>
     <span class='ocr_line' id='line_1_29' title="bbox 423 3412 1363 3491; baseline -0.009 -19"><span class='ocrx_word' id='word_1_209' title='bbox 423 3421 499 3472; x_wconf 85' lang='lat' dir='ltr'><strong>laeus</strong></span> <span class='ocrx_word' id='word_1_210' title='bbox 530 3419 606 3491; x_wconf 79' lang='lat' dir='ltr'><strong>(hiat,</strong></span> <span class='ocrx_word' id='word_1_211' title='bbox 631 3420 709 3472; x_wconf 83' lang='lat' dir='ltr'><strong>Unlv.</strong></span> <span class='ocrx_word' id='word_1_212' title='bbox 735 3421 815 3472; x_wconf 86' lang='lat' dir='ltr'><strong>Paris.</strong></span> <span class='ocrx_word' id='word_1_213' title='bbox 835 3428 900 3472; x_wconf 86' lang='lat' dir='ltr'><strong>torn.</strong></span> <span class='ocrx_word' id='word_1_214' title='bbox 918 3421 939 3482; x_wconf 93' lang='lat' dir='ltr'><strong>l,</strong></span> <span class='ocrx_word' id='word_1_215' title='bbox 960 3435 985 3486; x_wconf 87' lang='lat' dir='ltr'><strong>p.</strong></span> <span class='ocrx_word' id='word_1_216' title='bbox 1005 3415 1068 3484; x_wconf 84' lang='lat'><strong>609)</strong></span> <span class='ocrx_word' id='word_1_217' title='bbox 1087 3420 1114 3465; x_wconf 86' lang='lat' dir='ltr'><strong>et</strong></span> <span class='ocrx_word' id='word_1_218' title='bbox 1132 3412 1221 3466; x_wconf 81' lang='lat' dir='ltr'><strong>Woacl</strong></span> <span class='ocrx_word' id='word_1_219' title='bbox 1240 3412 1315 3484; x_wconf 83' lang='lat' dir='ltr'><strong>(bist.</strong></span> <span class='ocrx_word' id='word_1_220' title='bbox 1335 3420 1363 3464; x_wconf 85' lang='lat' dir='ltr'><strong>ct</strong></span> 
     </span>
     <span class='ocr_line' id='line_1_30' title="bbox 424 3499 1362 3579; baseline -0.012 -19"><span class='ocrx_word' id='word_1_221' title='bbox 424 3508 511 3577; x_wconf 88' lang='lat' dir='ltr'><strong>antiq.</strong></span> <span class='ocrx_word' id='word_1_222' title='bbox 530 3509 628 3559; x_wconf 80' lang='lat' dir='ltr'><strong>Oxonii</strong></span> <span class='ocrx_word' id='word_1_223' title='bbox 647 3525 674 3577; x_wconf 90' lang='lat' dir='ltr'><strong>p.</strong></span> <span class='ocrx_word' id='word_1_224' title='bbox 694 3509 738 3579; x_wconf 83' lang='lat'><strong>15)</strong></span> <span class='ocrx_word' id='word_1_225' title='bbox 760 3507 915 3558; x_wconf 82' lang='lat' dir='ltr'><strong>auctoribus</strong></span> <span class='ocrx_word' id='word_1_226' title='bbox 937 3503 1017 3554; x_wconf 78' lang='lat' dir='ltr'><strong>baleo</strong></span> <span class='ocrx_word' id='word_1_227' title='bbox 1039 3509 1068 3553; x_wconf 88' lang='lat' dir='ltr'><strong>et</strong></span> <span class='ocrx_word' id='word_1_228' title='bbox 1084 3502 1171 3553; x_wconf 85' lang='lat' dir='ltr'><strong>Pitseo</strong></span> <span class='ocrx_word' id='word_1_229' title='bbox 1193 3500 1263 3552; x_wconf 89' lang='lat' dir='ltr'><strong>illud</strong></span> <span class='ocrx_word' id='word_1_230' title='bbox 1280 3499 1362 3569; x_wconf 90' lang='lat' dir='ltr'><strong>oppi-</strong></span> 
     </span>
     <span class='ocr_line' id='line_1_31' title="bbox 421 3587 1362 3658; baseline -0.011 -11"><span class='ocrx_word' id='word_1_231' title='bbox 421 3595 496 3658; x_wconf 85' lang='lat' dir='ltr'><strong>dum,</strong></span> <span class='ocrx_word' id='word_1_232' title='bbox 514 3597 556 3646; x_wconf 90' lang='lat' dir='ltr'><strong>cui</strong></span> <span class='ocrx_word' id='word_1_233' title='bbox 576 3613 674 3647; x_wconf 87' lang='lat' dir='ltr'><strong>nomen</strong></span> <span class='ocrx_word' id='word_1_234' title='bbox 694 3596 720 3646; x_wconf 88' lang='lat' dir='ltr'><strong>S.</strong></span> <span class='ocrx_word' id='word_1_235' title='bbox 742 3595 864 3646; x_wconf 77' lang='lat' dir='ltr'><strong>Menenia</strong></span> <span class='ocrx_word' id='word_1_236' title='bbox 885 3594 939 3643; x_wconf 86' lang='lat' dir='ltr'><strong>sive</strong></span> <span class='ocrx_word' id='word_1_237' title='bbox 964 3587 1067 3640; x_wconf 86' lang='lat' dir='ltr'><strong>Fanum</strong></span> <span class='ocrx_word' id='word_1_238' title='bbox 1092 3587 1218 3651; x_wconf 72' lang='lat' dir='ltr'><strong>Decidit,</strong></span> <span class='ocrx_word' id='word_1_239' title='bbox 1252 3587 1362 3639; x_wconf 85' lang='lat' dir='ltr'><strong>loannis</strong></span> 
     </span>
     <span class='ocr_line' id='line_1_32' title="bbox 422 3674 1361 3752; baseline -0.012 -17"><span class='ocrx_word' id='word_1_240' title='bbox 422 3684 510 3735; x_wconf 88' lang='lat' dir='ltr'><strong>locum</strong></span> <span class='ocrx_word' id='word_1_241' title='bbox 527 3683 609 3736; x_wconf 87' lang='lat' dir='ltr'><strong>natal.</strong></span> <span class='ocrx_word' id='word_1_242' title='bbox 624 3683 706 3734; x_wconf 85' lang='lat' dir='ltr'><strong>fuisse</strong></span> <span class='ocrx_word' id='word_1_243' title='bbox 720 3688 824 3752; x_wconf 88' lang='lat' dir='ltr'><strong>putant.</strong></span> <span class='ocrx_word' id='word_1_244' title='bbox 851 3680 931 3730; x_wconf 77' lang='lat' dir='ltr'><strong>Hisce</strong></span> <span class='ocrx_word' id='word_1_245' title='bbox 944 3677 1015 3728; x_wconf 87' lang='lat' dir='ltr'><strong>enim</strong></span> <span class='ocrx_word' id='word_1_246' title='bbox 1028 3677 1190 3738; x_wconf 78' lang='lat' dir='ltr'><strong>eruciatibus,</strong></span> <span class='ocrx_word' id='word_1_247' title='bbox 1203 3675 1237 3726; x_wconf 84' lang='lat' dir='ltr'><strong>da</strong></span> <span class='ocrx_word' id='word_1_248' title='bbox 1246 3675 1268 3725; x_wconf 93' lang='lat' dir='ltr'><strong>l.</strong></span> <span class='ocrx_word' id='word_1_249' title='bbox 1281 3674 1361 3726; x_wconf 83' lang='lat' dir='ltr'><strong>Scato</strong></span> 
     </span>
    </p>
   </div>
   <div class='ocr_carea' id='block_1_9' title="bbox 419 3761 1362 3909">
    <p class='ocr_par' dir='ltr' id='par_1_11' title="bbox 419 3761 1362 3909">
     <span class='ocr_line' id='line_1_33' title="bbox 419 3761 1362 3840; baseline -0.011 -18"><span class='ocrx_word' id='word_1_250' title='bbox 419 3770 524 3840; x_wconf 76' lang='lat' dir='ltr'><strong>Erige-n.</strong></span> <span class='ocrx_word' id='word_1_251' title='bbox 545 3770 732 3832; x_wconf 79' lang='lat' dir='ltr'><strong>referentibus,</strong></span> <span class='ocrx_word' id='word_1_252' title='bbox 749 3785 842 3838; x_wconf 87' lang='lat' dir='ltr'><strong>parum</strong></span> <span class='ocrx_word' id='word_1_253' title='bbox 860 3763 925 3816; x_wconf 80' lang='lat' dir='ltr'><strong>fidet</strong></span> <span class='ocrx_word' id='word_1_254' title='bbox 945 3762 1037 3815; x_wconf 84' lang='lat' dir='ltr'><strong>baberi</strong></span> <span class='ocrx_word' id='word_1_255' title='bbox 1057 3781 1145 3835; x_wconf 79' lang='lat' dir='ltr'><strong>posse,</strong></span> <span class='ocrx_word' id='word_1_256' title='bbox 1162 3761 1231 3814; x_wconf 83' lang='lat' dir='ltr'><strong>infra</strong></span> <span class='ocrx_word' id='word_1_257' title='bbox 1249 3763 1318 3832; x_wconf 87' lang='lat' dir='ltr'><strong>(cap.</strong></span> <span class='ocrx_word' id='word_1_258' title='bbox 1326 3761 1362 3832; x_wconf 88' lang='lat' dir='ltr'><strong>V)</strong></span> 
     </span>
     <span class='ocr_line' id='line_1_34' title="bbox 421 3858 653 3909; baseline -0.004 0"><span class='ocrx_word' id='word_1_259' title='bbox 421 3858 601 3909; x_wconf 81' lang='lat' dir='ltr'><strong>ostendemus.</strong></span> <span class='ocrx_word' id='word_1_260' title='bbox 621 3886 653 3898; x_wconf 86' lang='lat'><strong>·-</strong></span> 
     </span>
    </p>
   </div>
   <div class='ocr_carea' id='block_1_10' title="bbox 321 3951 1363 4118">
    <p class='ocr_par' dir='ltr' id='par_1_12' title="bbox 321 3951 1363 4118">
     <span class='ocr_line' id='line_1_35' title="bbox 356 3951 1363 4032; baseline -0.009 -19"><span class='ocrx_word' id='word_1_261' title='bbox 356 3959 403 4031; x_wconf 75' lang='lat'><strong>24)</strong></span> <span class='ocrx_word' id='word_1_262' title='bbox 424 3961 465 4014; x_wconf 82' lang='lat' dir='ltr'><strong>cf.</strong></span> <span class='ocrx_word' id='word_1_263' title='bbox 485 3963 542 4014; x_wconf 85' lang='lat' dir='ltr'><strong>eius</strong></span> <span class='ocrx_word' id='word_1_264' title='bbox 562 3960 596 4012; x_wconf 81' lang='lat' dir='ltr'><strong>cle</strong></span> <span class='ocrx_word' id='word_1_265' title='bbox 614 3962 635 4012; x_wconf 92' lang='lat'><strong>1.</strong></span> <span class='ocrx_word' id='word_1_266' title='bbox 654 3960 696 4012; x_wconf 89' lang='lat' dir='ltr'><strong>Sc.</strong></span> <span class='ocrx_word' id='word_1_267' title='bbox 722 3958 789 4026; x_wconf 78' lang='lat' dir='ltr'><strong>Erig.</strong></span> <span class='ocrx_word' id='word_1_268' title='bbox 814 3953 1031 4032; x_wconf 82' lang='lat' dir='ltr'><strong>scriptiunculam</strong></span> <span class='ocrx_word' id='word_1_269' title='bbox 1041 3991 1051 4018; x_wconf 88' lang='lat'><strong>,</strong></span> <span class='ocrx_word' id='word_1_270' title='bbox 1076 3969 1146 4024; x_wconf 78' lang='lat' dir='ltr'><strong>quae</strong></span> <span class='ocrx_word' id='word_1_271' title='bbox 1174 3953 1308 4022; x_wconf 80' lang='lat' dir='ltr'><strong>reperitur</strong></span> <span class='ocrx_word' id='word_1_272' title='bbox 1325 3951 1363 4004; x_wconf 84' lang='lat' dir='ltr'><strong>&#39;iu</strong></span> 
     </span>
     <span class='ocr_line' id='line_1_36' title="bbox 321 4041 1158 4118; baseline -0.012 -16"><span class='ocrx_word' id='word_1_273' title='bbox 321 4068 323 4074; x_wconf 73' lang='grc'>’</span> <span class='ocrx_word' id='word_1_274' title='bbox 428 4049 564 4118; x_wconf 82' lang='lat' dir='ltr'><strong>ephemer.</strong></span> <span class='ocrx_word' id='word_1_275' title='bbox 583 4049 716 4100; x_wconf 79' lang='lat' dir='ltr'><strong>Bonneua.</strong></span> <span class='ocrx_word' id='word_1_276' title='bbox 737 4045 864 4098; x_wconf 85' lang='lat' dir='ltr'><strong>fasciculo</strong></span> <span class='ocrx_word' id='word_1_277' title='bbox 884 4041 970 4096; x_wconf 84' lang='lat' dir='ltr'><strong>xvtto</strong></span> <span class='ocrx_word' id='word_1_278' title='bbox 997 4060 1024 4111; x_wconf 89' lang='lat' dir='ltr'><strong>p.</strong></span> <span class='ocrx_word' id='word_1_279' title='bbox 1042 4041 1158 4094; x_wconf 82' lang='lat'><strong>33-57.</strong></span> 
     </span>
    </p>
   </div>
   <div class='ocr_carea' id='block_1_11' title="bbox 358 4143 1243 4221">
    <p class='ocr_par' dir='ltr' id='par_1_13' title="bbox 358 4143 1243 4221">
     <span class='ocr_line' id='line_1_37' title="bbox 358 4143 1243 4221; baseline -0.012 -16"><span class='ocrx_word' id='word_1_280' title='bbox 358 4152 405 4221; x_wconf 81' lang='lat'><strong>25)</strong></span> <span class='ocrx_word' id='word_1_281' title='bbox 425 4153 458 4204; x_wconf 84' lang='lat' dir='ltr'><strong>cf.</strong></span> <span class='ocrx_word' id='word_1_282' title='bbox 480 4155 544 4204; x_wconf 80' lang='lat' dir='ltr'><strong>Acta</strong></span> <span class='ocrx_word' id='word_1_283' title='bbox 562 4151 682 4204; x_wconf 78' lang='lat' dir='ltr'><strong>Senator.</strong></span> <span class='ocrx_word' id='word_1_284' title='bbox 705 4149 761 4204; x_wconf 89' lang='lat' dir='ltr'><strong>ord.</strong></span> <span class='ocrx_word' id='word_1_285' title='bbox 784 4149 810 4200; x_wconf 89' lang='lat' dir='ltr'><strong>S.</strong></span> <span class='ocrx_word' id='word_1_286' title='bbox 836 4147 1114 4209; x_wconf 80' lang='lat' dir='ltr'><strong>Benedicti.l‘ars1l,</strong></span> <span class='ocrx_word' id='word_1_287' title='bbox 1138 4161 1162 4215; x_wconf 91' lang='lat' dir='ltr'><strong>p.</strong></span> <span class='ocrx_word' id='word_1_288' title='bbox 1182 4143 1243 4196; x_wconf 79' lang='lat'><strong>512.</strong></span> 
     </span>
    </p>
   </div>
   <div class='ocr_carea' id='block_1_12' title="bbox 1479 705 1483 938">
    <p class='ocr_par' dir='ltr' id='par_1_14' title="bbox 1479 705 1483 938">
     <span class='ocr_line' id='line_1_38' title="bbox 1479 705 1483 938; baseline 0 0"><span class='ocrx_word' id='word_1_289' title='bbox 1479 705 1483 938; x_wconf 86' lang='lat' dir='ltr'><strong>l</strong></span> 
     </span>
    </p>
   </div>
   <div class='ocr_carea' id='block_1_13' title="bbox 0 0 1512 4950">
    <p class='ocr_par' dir='ltr' id='par_1_15' title="bbox 0 0 1512 4950">
     <span class='ocr_line' id='line_1_39' title="bbox 0 0 1512 4950; baseline 0 5"><span class='ocrx_word' id='word_1_290' title='bbox 0 0 1512 4950; x_wconf 95' lang='lat' dir='ltr'><strong> </strong></span> 
     </span>
    </p>
   </div>
  </div>
 </body>
</html>
