3014 4950
332 421 373 488 94

322 597 535 678 propemodum
558 597 676 658 verbis:
697 597 869 674 ‚,(Scotus)‚
894 597 944 672 ait,
968 594 1074 658 relicta
1095 596 1189 676 patria
1210 595 1366 658 franciam
1395 653 1397 656 .
1481 573 1482 580 ἵ

326 699 364 761 ad
381 697 522 774 ¹Carolum
546 696 662 758 calvum
686 697 820 772 transiit,
857 713 872 756 a
903 712 961 774 quo
984 713 1092 776 magna
1119 693 1292 774 dignatione
1314 712 1369 756 su·

325 804 444 878 sceptus
467 795 654 858 familiarium
675 797 797 876 partium
824 795 996 856 habebatur.
1019 803 1051 856 .“
1093 794 1183 856 Addit
1210 801 1366 872 praeterea

324 897 461 960 inlibris
485 896 523 956 de
544 899 638 976 gestis
660 912 765 976 regum
788 894 971 976 Anglorum,
997 895 1279 974 ·‚‚concrepantibus
1307 912 1366 956 un-

322 997 410 1077 dique
434 996 578 1058 bellorum
600 996 790 1078 l'ragoribus“
814 1033 850 1048 -
874 997 968 1075 ipsum
990 996 1021 1056 in
1043 994 1165 1058 Galliam
1189 995 1309 1055 abiisse.

407 1098 472 1171 Quo
495 1104 628 1176 tempore
652 1098 690 1159 ad
713 1097 850 1160 Carolom
871 1097 1038 1159 secessisse
1056 1096 1201 1176 videatur,
1225 1089 1366 1178 inprime
1482 1133 1483 1164 r

324 1199 421 1279 cupite
443 1199 643 1278 exposuimus,
665 1198 786 1260 circiter
811 1189 919 1258 annum
945 1195 1130 1260 occcxtv.

406 1298 512 1375 Hunc,
545 1299 571 1360 si
590 1300 766 1379 quisquam,
796 1315 898 1358 verum
921 1297 978 1358 sibi
999 1297 1202 1364 Maecenatem
1225 1296 1365 1358 devinxit.

325 1399 429 1478 anue
453 1397 552 1460 Caroli
582 1396 725 1460 facilitate
756 1398 796 1458 ita
825 1415 897 1460 usus
929 1397 1021 1460 fuisse
1054 1404 1211 1472 narratur,
1242 1403 1274 1458 ut
1306 1414 1366 1458 non

324 1516 508 1580 magnopere
528 1506 634 1580 ageret
655 1499 827 1576 Horatium,
865 1498 912 1560 cui
937 1497 973 1558 ab
996 1499 1132 1580 Augusto
1156 1497 1294 1578 scripturn
1319 1497 1366 1558 fe-

322 1605 401 1677 runt,
430 1604 585 1678 „sumeret
607 1599 665 1660 sibi
688 1598 798 1678 aliquid
822 1599 894 1660 iuris
916 1598 993 1679 apud
1013 1616 1058 1676 se,
1080 1606 1217 1678 tanquam
1240 1599 1265 1659 si
1291 1614 1367 1658 con-

323 1700 421 1762 victor
444 1698 501 1760 sibi
524 1697 642 1760 fuerit.“
665 1735 706 1748 -·
734 1697 1008 1770 lllalmcsburieosis
1039 1699 1157 1778 quidem
1170 1702 1218 1773 ⁵):
1252 1698 1366 1776 „(Sco·

324 1808 399 1877 tus),
422 1800 534 1878 inquit,
557 1799 741 1880 transigebat
763 1817 828 1860 curn
852 1816 889 1860 eo
914 1797 1054 1874 (Garolo)
1076 1805 1134 1860 lam
1156 1799 1252 1876 seria,
1278 1815 1364 1878 quam

322 1904 412 1978 ioca,
449 1900 678 1979 individuusque
709 1915 811 1972 comes
845 1906 875 1960 el
902 1915 1026 1960 mensae
1060 1906 1089 1960 et
1128 1899 1255 1961 cubiculi
1288 1905 1365 1960 crata

324 2001 432 2063 multae
457 1999 584 2062 facetiae
607 2000 789 2080 ingenuique
811 1999 931 2080 leporis,
954 2016 1079 2080 quornm
1100 2000 1233 2082 exempla
1255 2000 1365 2062 bodie-

323 2119 381 2182 que
404 2101 600 2180 constant),
625 2107 656 2161 ut
673 2107 742 2162 sunt
761 2100 835 2162 ista:
856 2099 1023 2162 Asscderat
1044 2100 1081 2162 ad
1105 2119 1237 2164 mensam
1258 2108 1362 2163 contra

323 2221 426 2283 regem
451 2201 488 2262 ad
511 2201 599 2264 aliam
621 2202 739 2263 tabulae
761 2208 893 2282 partem;
913 2202 1144 2280 procedentibus
1166 2202 1337 2283 poculis...
1356 2249 1363 2263 .

324 2301 447 2366 Carolus
478 2302 577 2364 fronte
609 2302 742 2364 bilariori
781 2309 849 2382 post
877 2303 1021 2382 quaedam
1051 2303 1107 2365 alia
1141 2320 1207 2366 curn
1240 2302 1364 2364 vidisset

322 2387 465 2466 loannem
490 2402 629 2482 quiddam
653 2401 783 2479 fecisse,
815 2403 894 2483 quod
917 2402 1098 2466 Gallicanam
1121 2404 1288 2474 comitatem
1312 2401 1361 2463 of.

322 2503 468 2580 lenderet,
491 2503 603 2566 urbane
625 2503 771 2582 increpuit
790 2510 820 2565 et
843 2503 933 2566 dixit:
956 2503 1034 2577 Ouid
1056 2504 1144 2566 distat
1157 2505 1233 2564 iuter
1246 2503 1361 2566 Sottum

322 2611 353 2666 et
375 2602 533 2666 Scottum?
572 2603 680 2665 Retulit
707 2603 756 2664 ille
777 2605 902 2665 solenne
924 2605 1084 2666 convitium
1106 2605 1135 2666 ln
1158 2609 1311 2666 auctorem
1333 2612 1362 2666 ct

322 2704 494 2785 respondit:
523 2703 632 2765 fabula
655 2705 783 2765 tautum!
806 2750 814 2765 .
837 2751 846 2766 .
871 2752 877 2765 .
900 2751 907 2767 .
937 2707 1000 2768 Nec
1022 2723 1095 2768 vero
1119 2723 1174 2767 rex
1194 2711 1355 2768 commotus

323 2811 386 2881 cst,
420 2804 500 2884 quod
524 2803 665 2866 miraculo
689 2804 834 2866 scientiae
854 2807 947 2885 ipsius
972 2813 1074 2888 ceptus
1097 2807 1243 2870 adversus
1264 2803 1358 2884 blagi-

322 2911 415 2968 strum
437 2923 495 2968 nec
515 2903 596 2966 dicto
618 2907 776 2986 insurgere
799 2905 896 2968 vellet.
928 2907 978 2969 Sic
1000 2924 1068 2971 eum
1089 2909 1198 2969 usitate
1222 2907 1358 2970 vocabat.

305 3005 394 3096 ,tren
419 3023 484 3067 cum
506 3005 573 3086 regi
595 3007 766 3067 convivanti
790 3007 925 3068 minister
945 3009 1075 3087 patinam
1099 3007 1263 3087 obtulisset,
1285 2997 1361 3090 q'uae

323 3105 398 3168 duos
421 3107 520 3184 pisces
542 3105 747 3186 praegrandes
770 3106 887 3168 adiecto
911 3125 970 3168 uno
994 3108 1160 3170 minusculo
1182 3111 1359 3184 contineret,

322 3207 405 3269 dedit
427 3205 476 3267 ille
498 3203 650 3285 llagistro,
678 3212 710 3266 ut
732 3207 973 3269 accumbentibus
994 3207 1214 3280 duobus.iuxta
1238 3225 1272 3269 se
1301 3190 1362 3268 cle·¹

321 3307 393 3369 ricls
416 3305 624 3385 departiretur.
665 3305 757 3368 Erant
776 3307 817 3368 illi
837 3310 999 3388 giganteae
1016 3309 1121 3387 molis3
1143 3311 1207 3389 ipse
1221 3308 1362 3390 perexilis

323 3409 469 3487 corporis.
512 3407 595 3484 Tum,
631 3409 681 3487 qui
701 3424 819 3486 semper
838 3408 949 3488 aliquid
972 3410 1090 3472 bonesti
1108 3411 1299 3487 inveniebat,
1329 3416 1360 3469 ut

320 3507 460 3570 laetitiam
484 3507 704 3568 convivantium
726 3508 882 3586 excitaret,
902 3511 1027 3572 retentis
1049 3511 1107 3572 sibi
1131 3511 1247 3574 duobus
1266 3509 1360 3571 maio-

320 3609 420 3684 ribuS‚
453 3625 543 3670 unum
567 3609 713 3670 minorem
738 3606 854 3670 duobus
879 3609 1036 3674 distribuit.
1079 3611 1225 3693 Arguenti
1254 3610 1360 3688 iniqui-

320 3716 411 3770 tatem
435 3708 601 3788 partitionis
624 3709 705 3788 regi:
730 3707 802 3788 lmo,
824 3711 927 3789 inquit,
947 3711 1026 3773 bene
1047 3711 1106 3774 feci
1120 3719 1149 3773 el
1164 3728 1269 3792 aeque,
1291 3726 1359 3770 nam

318 3809 369 3871 lric
391 3816 436 3871 est
458 3827 533 3871 unus
555 3826 664 3889 parvus
687 3808 742 3886 (de
765 3826 798 3870 se
821 3810 941 3886 dicens)
963 3819 993 3873 et
1013 3813 1071 3875 duo
1092 3813 1224 3894 mandes
1244 3813 1360 3892 (pisces

323 3959 606 3970 um.

367 4041 400 4110 5)
419 4044 451 4094 cf.
468 4044 539 4096 Gale
563 4044 611 4095 Μ.
630 4064 655 4114 p.
677 4045 753 4098 5-6.

371 4128 400 4196 6)
421 4131 454 4180 cf.
474 4131 549 4182 Gale.
571 4133 588 4184 l.
603 4133 620 4181 l.
641 4132 756 4202 append.
780 4149 805 4199 p.
827 4131 869 4185 88.
891 4163 923 4172 -
