3014 4950
1145 457 1184 527 li

154 634 280 698 duceret
299 647 413 713 suoque
432 631 502 694 loco
525 632 620 696 iibere
643 633 851 698 confitendum.
883 638 1029 702 hilerim
1047 635 1077 703 in
1100 642 1199 724 primo

153 735 192 796 de
212 737 325 796 naturis
335 737 397 810 ⁴⁸J:
418 734 502 811 „Non
524 735 564 796 ita
587 751 650 796 sum
674 739 794 798 territus
817 739 1003 817 auctoritate,
1030 745 1197 806 autminus

152 835 308 915 capacium
328 835 494 896 animorum
517 851 687 913 expavesco
712 837 860 915 impetum,
890 844 923 900 ut
943 857 990 916 ea,
1023 859 1099 922 quae
1123 862 1194 904 vera

150 938 230 998 ratio
252 935 333 996 clare
366 935 479 1015 colligit
509 935 768 1015 indubitanterque
801 938 924 1016 diffinit,
962 948 1064 1020 aperta
1095 941 1195 1004 fronte

149 1036 345 1116 pronuntiare
369 1035 551 1116 confundar,
580 1023 756 1115 praesertim
779 1055 843 1099 cum
866 1037 904 1100 de
926 1039 1032 1102 talibus
1056 1044 1194 1104 nonnisi

150 1137 228 1204 inter
251 1125 403 1215 sapientes
425 1136 609 1196 tractandum
630 1138 685 1213 sit,
720 1137 826 1218 quibus
858 1138 900 1200 nil
930 1141 1052 1202 suavius
1085 1150 1131 1204 εει
1156 1143 1196 1206 ad

152 1235 331 1298 audiendum
352 1253 424 1298 vcra
447 1238 574 1311 ratione,
594 1237 635 1298 nil
659 1237 865 1300 delectabilius
888 1239 924 1300 ad
947 1242 1196 1322 investigandum,

154 1337 271 1418 quando
293 1337 455 1416 quaeritur,
479 1335 520 1396 nil
541 1335 691 1424 pulchrius
706 1339 752 1402 ,ad
776 1341 1043 1420 contemplandum,
1074 1344 1193 1424 quando

155 1436 340 1522 ἰιῃιειιίιιιει(ι
381 1435 446 1496 Huc
470 1435 602 1512 accedit,
633 1436 712 1516 quod
741 1437 823 1500 Scoli
864 1440 959 1519 pietas
998 1459 1070 1522 erga
1106 1442 1195 1504 deum

149 1537 242 1619 plane
263 1535 388 1615 insignis
410 1542 457 1597 est
479 1535 618 1612 dicenda,
638 1543 727 1616 atque
749 1539 926 1601 Anastasius
946 1540 1194 1608 bibliothecarius

153 1637 247 1698 virum
273 1653 339 1700 eum
362 1635 516 1714 praedicat
538 1655 608 1715 ,per
631 1637 730 1699 omnia
752 1645 914 1700 εεηειιιιη.ιι
931 1677 970 1689 -

232 1735 385 1804 Postremo
407 1743 490 1798 certe
512 1753 622 1815 operae
643 1738 769 1816 pretium
791 1737 897 1800 iactari
916 1741 1062 1819 videmur,
1085 1744 1112 1804 si
1133 1742 1193 1820 iila,

77 1833 80 1842 '
152 1833 258 1914 quibus
272 1835 400 1916 Erigena
414 1835 607 1914 ,dialecticae
621 1855 694 1898 suae
712 1838 800 1900 artis“
817 1856 900 1900 usum
913 1841 1043 1920 probare
1059 1851 1194 1920 conatur,
1277 1899 1282 1908 .

150 1936 183 1996 in
212 1940 368 2015 angustum
395 1933 519 1996 redacta
553 1935 749 1999 retulerimus.
791 1939 871 2002 Dicit
902 1939 1065 2021 igilurl⁹)=
1102 1945 1192 2022 ,Cum

150 2034 251 2096 omnis
281 2036 348 2114 piae
377 2033 589 2114 perfectaeque
620 2036 776 2100 doctrinae
806 2039 933 2116 modus,
969 2059 1029 2121 quo
1064 2047 1193 2108 omnium

149 2152 253 2196 rerum
274 2135 348 2195 ratio
372 2135 558 2214 apertissime
583 2136 749 2214 invenitur,
783 2139 814 2199 in
844 2138 1030 2220 philosophia
1053 2146 1091 2204 sit
1114 2163 1194 2206 con-

151 2233 281 2311 stitutus,
305 2233 342 2294 de
363 2236 427 2296 eius
452 2235 649 2299 divisionibus
671 2237 816 2317 quaedam
837 2245 905 2300 sunt
926 2239 1112 2304 disserenda.
1145 2246 1195 2307 Sic

148 2334 230 2396 enim
259 2342 306 2410 (ut
326 2337 367 2396 ait
387 2353 411 2397 s.
435 2338 635 2418 Augustinus)
666 2338 797 2402 creditur
825 2356 903 2417 ,non
928 2339 1014 2400 aliam
1032 2357 1101 2402 esse
1124 2343 1194 2422 phi-

146 2423 314 2513 losophiam
339 2441 369 2496 et
389 2435 476 2496 aliam
499 2436 686 2517 religionem,
720 2455 794 2498 oum.
808 2437 849 2514 bi,
881 2456 1005 2519 quorum
1027 2441 1205 2506 doctrinam-

151 2551 212 2594 non
225 2535 433 2616 approbamus,
454 2554 513 2597 nec
528 2544 714 2600 sacramenta
728 2538 884 2600 nobiscum
898 2543 1193 2603 communicanti<-

154 2633 227 2706 Quid
249 2641 296 2695 est
317 2634 397 2698 aliud
418 2635 456 2696 de
474 2637 662 2718 philosophia
684 2644 823 2714 tractare,
844 2639 901 2700 nisi
921 2657 1012 2702 verae
1027 2641 1194 2722 religionis,
1291 2672 1294 2676 ·

150 2753 208 2816 qua
228 2754 343 2800 summa
365 2737 493 2800 omnium
516 2756 615 2801 rerum
637 2757 737 2816 causa,
759 2737 843 2815 deus,
863 2745 894 2800 et
912 2739 1061 2802 humiliter
1074 2742 1192 2819 colitur,

151 2843 182 2898 ει
203 2837 422 2900 rationabiliter
441 2839 648 2920 investigatur,
674 2838 795 2920 regulas
826 2841 1004 2918 exponere?
1032 2841 1193 2905 Conficitur

147 2937 230 3016 inde,
263 2954 365 2999 veram
386 2955 456 3000 esse
478 2938 699 3020 philosophiam,
715 2957 818 3001 veram
839 2939 1028 3020 religionem,
1060 2959 1193 3016 conter-
1289 2993 1293 3004 .

147 3040 275 3118 simque,
297 3055 399 3100 veram
419 3038 597 3120 religionem
621 3056 689 3100 esse
712 3056 813 3100 veram
835 3038 1061 3124 philosophiam.
1107 3041 1191 3115 Quae

148 3138 217 3200 dum
239 3137 426 3200 multifariam
451 3137 615 3215 dividatur,
648 3137 694 3199 bis
729 3137 816 3198 binas
849 3144 947 3198 tamen
978 3145 1078 3216 parles
1106 3145 1192 3219 prin-

149 3239 261 3318 cipales
305 3239 343 3301 ad
388 3255 506 3300 omnem
540 3239 745 3318 quaestionem
784 3237 959 3300 solvendam
997 3232 1192 3310 necessarias

148 3338 263 3408 habere
285 3339 482 3420 dignoscitur,
506 3356 578 3419 quas
598 3336 687 3425 latine
710 3355 868 3418 possumus
887 3338 989 3400 dicere
1005 3339 1189 3418 divisoriam,

148 3439 344 3518 diffinitivam,
369 3439 652 3517 demonstrativam,
680 3439 880 3500 resolutivam.
923 3439 1031 3499 Earum
1054 3441 1190 3520 exempla

145 3541 177 3604 in
201 3558 347 3622 processu
366 3541 453 3603 buius
476 3543 575 3620 operis
611 3539 812 3602 ostendemus.
856 3539 908 3600 His
941 3539 1019 3621 enim
1049 3547 1188 3619 tanquam

144 3641 207 3705 utili
230 3641 359 3722 quodam
382 3649 411 3702 et
431 3641 559 3703 honesto
588 3640 737 3702 humanae
764 3638 1001 3701 ratiocinationis
1032 3639 1187 3718 quadrivio

144 3742 184 3810 ad
204 3743 299 3822 ipsam
321 3731 490 3822 disputandi
509 3740 704 3821 disciplinam,
723 3757 799 3820 quae
821 3744 867 3800 est
888 3739 1008 3814 veritas,
1037 3740 1135 3800 oannis
1157 3740 1187 3800 in
1230 3789 1233 3794 .

144 3859 183 3904 ea
204 3842 338 3904 eruditus
358 3841 509 3922 perveniri
532 3859 593 3903 non
615 3840 738 3903 dubitat.
769 3839 862 3904 Huius
882 3837 1058 3919 disciplinae
1074 3839 1186 3922 regulis

149 3994 471 4016 mnu-*uad

177 4073 227 4145 48)
244 4093 301 4145 cup.
324 4073 367 4128 69.
386 4103 421 4116 -·

176 4151 224 4232 49)
243 4165 276 4217 cl.
296 4161 317 4229 1,
338 4166 350 4214 ι
371 4177 426 4232 seq.
