3010 4946
1116 486 1175 553 103

225 661 390 744 ,ignorans
424 670 522 740 (est),
556 663 728 744 quidioit,
762 663 871 726 nullam
908 664 1117 746 turpitudinem
1150 666 1181 730 ih

142 764 336 826 universitate
367 765 457 826 totius
488 770 647 825 creaturae
677 781 768 843 posse
788 783 875 828 esse:
906 765 987 846 quod
1009 768 1087 828 enim
1110 784 1183 846 par·

150 866 201 926 tim
225 865 388 945 contingit,
417 865 447 925 in
469 870 534 926 toto
555 863 619 926 lieri
641 862 715 926 deus
734 880 796 925 non
818 865 905 943 sinit,
928 867 1013 929 cuius
1034 884 1092 928 nec
1111 867 1184 927 uni-

145 964 298 1028 versitatis
319 964 472 1045 tuipitudo
494 965 587 1045 turpis
609 969 665 1043 est,
681 981 740 1026 neo
762 965 872 1028 malitia
891 973 994 1046 nocet,
1017 984 1076 1028 nec
1098 983 1185 1028 error

142 1070 254 1130 errat.“
277 1097 318 1115 -

226 1165 325 1244 Atque
349 1161 456 1226 eodem
478 1162 569 1226 modo
593 1163 682 1226 etiam
706 1163 776 1226 alibi
798 1164 853 1240 (el.
874 1164 1003 1244 lll,17.)
1027 1172 1058 1227 et
1081 1171 1183 1228 rectae

145 1267 272 1328 rationis
304 1271 335 1326 et
366 1266 521 1328 doctrinae
555 1265 740 1328 Christianae
774 1267 922 1330 sententia
955 1267 1056 1344 (huius
1085 1285 1185 1328 rerum

146 1366 350 1428 univcrsitatis
382 1365 577 1429 substantiam
610 1385 627 1428 a
659 1367 822 1429 substantia
855 1367 957 1428 divina
979 1383 1048 1429 esse
1067 1368 1185 1446 penitus

145 1466 311 1542 diversam)
335 1465 455 1528 disertis
488 1466 590 1528 verbis
622 1473 710 1548 atque
732 1466 772 1528 de
794 1465 940 1529 industria
962 1466 1107 1530 refellitur
1126 1485 1185 1529 nec

143 1585 204 1629 non
227 1565 355 1628 ludibrio
380 1565 444 1628 lere
467 1567 602 1630 habetur.

227 1666 262 1728 V.
305 1665 396 1729 Hisce
428 1684 517 1730 unum
543 1668 673 1747 denique
692 1666 792 1730 locum
816 1667 1003 1748 adiciemus,
1025 1666 1076 1749 qui
1095 1667 1184 1729 etiam

149 1764 207 1827 hoo
239 1766 367 1866 doceat²
403 1785 489 1847 quarn
522 1768 634 1830 acerbe
667 1785 704 1830 ae
734 1767 901 1848 petulanter
935 1770 1043 1833 Scotus
1077 1785 1185 1830 sacrae

146 1867 310 1945 scripturae
332 1883 471 1946 sensum,
493 1874 525 1929 ut
545 1867 584 1930 ad
606 1885 691 1930 suam
710 1886 777 1929 eum
799 1870 977 1931 sententiam
999 1868 1185 1947 detorqueat,

145 1966 310 2046 vexaverit,
334 1969 559 2046 depravaverit,
591 1971 767 2048 corruperit.
806 1968 929 2032 ·Verum
963 1967 1040 2030 haec
1067 1984 1117 2029 res
1139 1972 1186 2029 est

145 2066 283 2147 prolecto
304 2085 353 2145 ea,
384 2084 461 2147 quae
483 2068 565 2130 sanis
587 2069 735 2130 mentibus
769 2087 913 2131 summam
933 2076 993 2131 tum
1014 2068 1184 2131 miseratio·

146 2182 215 2228 nem
238 2172 295 2229 tum
318 2167 552 2248 indignationem
574 2185 634 2229 non
657 2185 781 2230 movere
802 2187 863 2232 non
886 2175 984 2249 queat.

230 2266 325 2329 Multis
346 2269 452 2349 igitur,
483 2269 590 2348 qulbus
621 2268 692 2330 nihil
714 2270 844 2331 tortasse
865 2287 993 2349 unquam
1017 2269 1126 2331 dictum
1147 2267 1186 2329 sit

148 2365 279 2446 delirius,
301 2384 485 2450 quorumque
514 2378 627 2449 partem
662 2371 719 2432 iam
742 2388 830 2450 supra
853 2379 892 2448 (ς.
916 2369 968 2445 99,
989 2379 1018 2448 ς.
1041 2369 1110 2444 33.)
1132 2385 1186 2429 re-

146 2467 274 2546 tulimus,
296 2505 337 2518 -
357 2468 413 2531 sed
452 2470 550 2533 multis
579 2471 617 2532 de
652 2472 717 2552 ipso
748 2471 874 2534 Genesis
896 2472 1023 2533 exordio
1056 2469 1186 2547 ellutitis,

143 2567 219 2630 haec
242 2569 408 2632 docentur:
430 2571 511 2650 ,Fiat
534 2571 625 2634 luxl“
645 2609 686 2620 -
706 2572 736 2634 h.
759 2590 785 2633 e.
807 2571 989 2652 ,procedant
1004 2569 1186 2652 primordia-

143 2669 187 2732 les
220 2689 330 2734 causae
362 2689 401 2733 ex
431 2672 780 2753 incomprehensibilibus
808 2679 933 2734 naturae
961 2689 1034 2736 suae
1057 2671 1185 2734 seeretis

144 2771 307 2835 informas
340 2779 371 2834 et
402 2774 522 2853 species
554 2773 848 2854 comprehensibiles.
871 2771 925 2853 ,Et
946 2771 1026 2834 facta
1049 2777 1095 2834 est
1118 2772 1185 2832 lom

144 2911 184 2923 -
206 2875 237 2935 h.
260 2891 286 2934 e.
309 2873 385 2954 ,deo
416 2873 536 2936 volente
559 2892 595 2936 ac
619 2875 737 2936 dicente
760 2875 929 2936 obscuritas
951 2872 1184 2954 primordialium

147 2993 303 3038 causarum
326 2976 357 3036 in
392 2973 505 3037 lormas
526 2980 557 3036 et
580 2963 698 3055 species
720 2976 870 3055 processit
894 2981 1006 3056 aperta:
1027 2971 1081 3051 „Et
1104 2970 1184 3032 divi-

144 3076 182 3140 sit
203 3075 277 3137 deus
300 3091 317 3134 a
341 3077 491 3137 tenebris“
503 3111 543 3124 -
559 3074 586 3136 h.
610 3076 851 3156 e.·,segregavit
870 3075 1005 3136 notitiam
1026 3072 1183 3134 effectuum

145 3177 183 3237 ab
220 3175 402 3238 obscuritate
438 3193 557 3238 suarum
582 3177 799 3264 principalium
840 3192 1005 3237 causarum.
1068 3171 1183 3235 Divisio

145 3275 252 3355 quippe
284 3276 361 3338 lucis
384 3294 401 3336 a
425 3276 557 3338 tenebris
579 3282 626 3338 est
649 3275 790 3338 discretio
814 3291 924 3354 rerum,
947 3291 1002 3355 per
1022 3273 1133 3335 formas
1154 3278 1186 3332 et

145 3377 264 3456 species
296 3379 519 3458 apparentium,
553 3397 571 3439 a
599 3376 753 3469 principiis
787 3375 866 3452 suis,
886 3375 916 3435 in
940 3374 1044 3454 quibus
1065 3389 1184 3432 omnem

145 3482 286 3554 superant
320 3477 529 3539 intellectum.“
582 3473 714 3558 ideoque
744 3475 911 3556 praedixit:
941 3473 995 3552 ,Et
1015 3472 1089 3534 vidit
1111 3471 1186 3532 dous

142 3576 250 3654 lucem,
272 3579 341 3658 quia
370 3585 453 3641 esset
479 3577 577 3640 bona“
599 3614 641 3627 -
666 3579 696 3645 h.
717 3595 745 3640 e.
769 3575 896 3656 ,placuit
929 3575 998 3652 deo,
1019 3571 1184 3653 originales

145 3695 270 3756 eausaS,
307 3685 376 3740 ante
412 3695 530 3739 omnem
562 3685 749 3755 creaturam,
768 3677 843 3740 ultra
865 3692 983 3738 omnem
1004 3672 1186 3734 intellectum

144 3779 296 3856 conditas,
334 3777 531 3852 intellectibus
566 3779 630 3840 sive
662 3777 798 3839 humanis
841 3776 906 3839 sive
942 3770 1087 3855 angelicis
1117 3771 1186 3831 luce

144 3876 271 3956 quadam
291 3877 505 3960 intelligentiae
516 3877 689 3958 superfusas
704 3875 915 3939 manifestari.“
942 3871 1186 3954 ,Appellavitque
1220 3881 1221 3886 ’

141 3976 241 4037 lucem
263 3977 353 4056 diem,
377 3984 408 4039 et
429 3978 569 4040 tenebras
590 3983 726 4039 noctem“
741 4014 780 4024 -
795 3976 825 4038 h.
846 3995 874 4037 e.
898 3969 1186 4056 ,contemplantibus

144 4076 250 4138 animis
283 4079 439 4161 praestitit,
468 4079 738 4140 manilestationem
760 4077 919 4138 visibilium
942 4083 973 4137 et
993 4069 1186 4136 invisibilium

145 4194 200 4260 per
217 4176 329 4242 termas
368 4187 399 4245 et
432 4180 566 4264 species·
585 4177 663 4244 diem
696 4177 866 4260 appellare,
899 4192 1003 4240 eorum
1038 4177 1134 4237 autom
1154 4168 1186 4232 in
