3010 4946
1142 467 1198 532 {bl

162 663 265 725 docuit
289 677 478 742 „perversum
499 660 586 746 istum
621 663 749 734 motum,
782 654 862 735 quod
884 661 1041 735 peccatum
1062 653 1200 735 appellet,

161 780 200 825 eo
227 761 428 841 contendere,
463 767 512 838 nt,
543 759 652 822 divinis
686 763 716 818 et
748 773 821 818 vera
854 754 1044 818 manentibus
1075 755 1201 830 relictis,

162 865 241 930 adeo
263 864 302 928 ad
334 865 428 944 ipsum
462 862 585 924 nibilum
620 860 805 940 perueniat,“
827 858 873 920 sic
897 857 985 918 etiam
1007 855 1036 917 iu
1058 851 1147 916 libris
1163 853 1202 916 de

163 967 222 1029 div.
252 971 377 1028 naturae
412 962 556 1028 babetur:
603 961 730 1041 „Malitia
767 965 814 1019 est
846 957 965 1018 animae
991 955 1203 1018 intellectualis

161 1067 338 1130 naturalium
368 1064 534 1127 bonorum“
567 1049 614 1141 (bss
646 1077 673 1122 e.
697 1075 806 1136 rerum,
828 1073 905 1139 quac
927 1073 1000 1118 vere
1019 1061 1102 1136 sunt)
1124 1055 1203 1133 „ob-

160 1167 233 1230 livio
254 1174 285 1228 et
307 1165 345 1226 ad
379 1166 466 1227 linem
500 1165 654 1225 insitarum
693 1167 819 1222 naturae
847 1157 985 1220 virtutum
1019 1156 1205 1238 operationis

162 1268 299 1331 delectus
332 1266 568 1344 naturaliumque
605 1265 802 1344 potentiarum
830 1277 885 1340 per
914 1257 1064 1320 fallentem
1087 1259 1206 1320 iudica-

162 1370 273 1432 tionem
295 1368 324 1428 in
350 1365 429 1429 aliud
460 1371 580 1446 praeter
608 1364 696 1426 linem
718 1358 933 1424 irrationabilis
954 1366 1060 1422 motus.
1103 1359 1205 1420 Finem

163 1487 238 1533 vero
270 1470 340 1532 dico
374 1482 490 1541 eorum,
525 1483 602 1547 quae
632 1471 718 1542 stunt,
748 1470 888 1526 causam“
924 1461 969 1538 (b.
1002 1477 1029 1521 e.
1063 1459 1153 1536 deus,
1174 1463 1205 1520 ut

163 1571 249 1652 „lons
272 1569 369 1632 omnis
389 1583 481 1630 verae
503 1567 672 1628 essentiae“
704 1563 774 1645 [lV‚
810 1567 846 1640 13
866 1562 914 1641 ΙΙΙ,
937 1562 999 1642 4]),
1020 1576 1124 1641 „quam
1147 1577 1205 1621 ne-

162 1671 296 1734 turaliter
317 1675 457 1750 appetunt
477 1668 593 1730 omnia“
615 1704 656 1716 -
679 1683 784 1746 „quum
806 1663 884 1727 nulla
899 1668 1037 1725 creatura
1059 1661 1108 1737 sit,
1129 1677 1205 1740 quae

162 1771 234 1832 velit
261 1769 319 1830 uel
349 1774 468 1849 appetat
499 1767 572 1830 nibil
611 1783 691 1845 esse,
723 1783 784 1827 nec
805 1764 908 1845 lugiet,
928 1781 967 1824 ne
991 1763 1019 1823 ei
1041 1763 1206 1842 contingat,

162 1889 223 1935 non
245 1873 398 1950 esse⁸³).“
420 1905 456 1918 -
481 1870 533 1948 (V,
555 1869 596 1932 26
617 1869 682 1956 [ed.
704 1867 760 1930 Ox.
782 1885 810 1947 p.
837 1865 933 1944 95613
956 1862 991 1944 V,
1012 1863 1059 1941 3.)
1081 1901 1121 1913 -

261 1972 322 2035 Scd
356 1971 433 2033 baec
468 1970 631 2032 hactenus:
659 1986 728 2030 nam
760 1968 834 2030 satis
857 1965 923 2028 fuse
947 1964 1125 2044 explicatum
1147 1969 1205 2042 est,

164 2090 250 2154 quarn
286 2074 395 2136 Scelus
424 2074 545 2152 proprie
578 2070 688 2132 babeat
721 2069 876 2130 notionem
898 2065 1045 2141 malitiae3⁴
1064 2067 1206 2144 itemque,

164 2181 311 2252 quatenus
343 2180 390 2236 est
421 2172 552 2234 malitiae
581 2173 737 2253 opposite,
773 2168 900 2233 virtutis.
942 2165 1142 2228 'lbanseamus
1166 2163 1205 2226 ad

164 2271 286 2353 reliqua.

261 2375 293 2436 ll.
337 2375 372 2461 l„
401 2372 528 2452 „Malitia
551 2371 838 2434 consummationem
863 2371 1000 2451 accipiet,
1022 2375 1052 2429 et
1073 2369 1102 2429 in
1125 2365 1206 2429 nulia

163 2479 268 2536 natura
279 2475 466 2548 „remanebit
516 2473 562 2535 Ac
583 2491 636 2553 per
656 2472 716 2535 boc
739 2481 844 2536 natura
876 2479 987 2534 nostra.
1003 2487 1064 2532 non
1087 2485 1207 2548 semper

161 2573 272 2636 malitia
297 2573 493 2653 detinebitur,
528 2573 582 2635 sed
613 2573 694 2635 sinito
717 2575 798 2638 omni
819 2572 914 2635 malo“
937 2571 982 2646 (b.
1004 2588 1031 2632 e.
1052 2574 1133 2631 motu
1155 2567 1205 2632 illo

163 2691 326 2756 perverso,
359 2675 408 2753 qui
440 2675 478 2735 ad
510 2683 725 2753 „non-ease“
759 2675 864 2754 tendit)
888 2672 943 2753 „ed
968 2671 1078 2734 bonum
1099 2687 1205 2731 rever·

163 2793 233 2839 sura
258 2783 331 2837 est.“
354 2812 394 2825 -

250 2863 348 2956 „Sicut
380 2877 461 2940 enlm
496 2880 600 2941 umbra
624 2885 734 2957 terrae,
755 2877 979 2942 coarctantibus
1004 2893 1070 2938 eam
1092 2875 1206 2936 solari-

164 2977 344 3053 basanite,
375 2981 495 3041 taudem
530 2981 647 3060 penitus
669 2981 785 3042 deficit:
805 2982 851 3043 sic
871 2979 991 3055 malitia,
1015 2995 1092 3058 quae
1115 2975 1205 3038 veluti

164 3078 310 3158 quaedam
341 3081 445 3142 umbra
480 3080 655 3144 delictorum
697 3089 865 3145 nostrorum
907 3085 1038 3143 nostram
1077 3083 1207 3158 occupat
1250 3089 1253 3096 '

163 3186 318 3259 naturam,
351 3181 532 3243 abundantia
573 3190 714 3244 aeternae
761 3183 901 3244 bonitatis
938 3180 1141 3243 coarctabitur
1176 3183 1206 3240 et

164 3283 286 3344 omnino
310 3283 485 3362 abolebitur,
509 3285 577 3348 dum
599 3284 821 3346 irrationabiles
835 3284 952 3345 animae
967 3282 1115 3345 humanae
1137 3296 1206 3345 mo-

165 3387 211 3445 lus
233 3382 271 3445 ad
295 3384 490 3446 rationabiles
512 3386 646 3448 veritatis
672 3383 797 3446 allectus
817 3389 1058 3445 convertentur.“
1081 3417 1120 3436 -

198 3577 246 3647 ab)
267 3581 313 3631 Eat
339 3591 428 3634 antem
459 3583 511 3634 hoc
539 3581 597 3634 loeo
629 3581 824 3634 attendendum
844 3581 878 3632 ael
898 3597 938 3644 ea,
958 3599 1028 3652 quae
1050 3581 1084 3631 de
1103 3582 1204 3631 causia-

261 3669 410 3740 primm-dd.
437 3678 520 3741 atqua
551 3672 666 3740 iptorum
686 3670 826 3721 effectibus
847 3678 910 3722 eunt
927 3669 1012 3721 diota:
1031 3668 1095 3718 illae
1116 3684 1204 3718 reram

262 3757 381 3808 omnium
401 3773 487 3810 rerum
505 3758 682 3810 rrrbetautlum
696 3759 845 3821 contineat,
866 3757 902 3818 hi,
921 3758 943 3808 ri
956 3756 1023 3826 ‘qula
1044 3773 1090 3808 eoo
1109 3772 1157 3825 per
1175 3772 1204 3806 oe

261 3841 481 3906 consideraverit,
509 3845 577 3896 nihil
608 3863 665 3896 esee
694 3846 828 3902 dicuntur.
876 3845 937 3915 Quo
967 3845 1005 3902 fir.
1026 3852 1065 3908 ut,
1084 3859 1153 3912 quac
1171 3859 1204 3894 ex

262 3929 317 3980 illia
336 3931 412 4000 quasi
433 3931 539 3999 longius
559 3933 637 3983 etium
660 3931 784 3984 recedere
804 3941 885 4002 atqua
905 3931 1000 3982 horum
1022 3930 1099 3994 viam,
1118 3937 1148 3980 ut
1166 3930 1203 3980 ila

267 4016 403 4082 dicemur,
435 4020 537 4070 acriore
566 4023 645 4072 etiarn
679 4025 768 4071 animo
802 4020 925 4090 persequi
957 4016 1141 4078 contendunt,
1169 4015 1203 4067 ed

264 4115 435 4166 „nou-esee“
456 4107 599 4172 lestineul3
620 4125 689 4179 qaue
710 4117 811 4168 cerulea,
832 4109 935 4169 relictis
949 4108 1034 4157 carreis
1056 4103 1201 4176 primordtl.

267 4189 302 4240 erl
320 4193 390 4260 ipsae
411 4194 497 4248 redire
518 4203 661 4258 maturant,
685 4213 774 4247 revera
794 4195 827 4246 ael
848 4203 943 4259 „esre‘¹
956 4202 1113 4264 properent.
