3010 4946
1115 465 1172 527 111

14 711 15 716 ¹
126 643 300 698 creaturam
332 635 427 715 patris
458 649 529 700 esse
560 629 717 712 affirmet,“
747 635 881 715 -quid
908 637 1002 719 igitur
1034 638 1084 702 illa
1117 642 1175 705 sibi

127 737 233 816 uelint,
255 736 305 798 vix
327 735 530 816 intelligimus.
581 733 799 796 Pantbeismum
830 753 887 798 nos
908 737 1062 817 docuisse,
1087 759 1176 821 quum

125 838 329 913 docuerimus,
368 833 459 896 filium
493 833 542 895 dei
573 851 634 895 non
658 833 792 914 genitum
814 836 870 898 sed
893 837 1052 904 creatum?
1073 877 1115 892 --
1136 845 1177 905 At

125 937 337 1013 Scblueterus,
367 935 398 996 id
432 934 512 1014 quod
544 951 585 994 cx
612 935 666 1010 iis,
698 952 776 1016 quae
812 936 921 1021 (εἰς.
943 931 1011 1016 lb.)¹
1037 941 1175 1004 adhaec

124 1035 307 1117 respondet,
343 1042 448 1116 patere
480 1035 677 1113 arbitramur,
699 1037 739 1099 ila
764 1036 901 1099 scribere
923 1038 1046 1102 debuit:
1066 1040 1174 1120 ,tllri-

125 1147 224 1217 gena)
247 1136 461 1218 pantheisnrum
483 1134 647 1215 protitetur,
677 1154 765 1216 quum
793 1155 892 1218 neque
918 1139 1060 1203 Naturam
1083 1160 1174 1204 crea·

125 1242 185 1298 tam
206 1243 368 1316 creantem,
398 1253 497 1316 neque
525 1235 667 1298 Naturam
699 1244 831 1302 creatam
867 1255 929 1300 non
960 1248 1113 1304 creantem
1134 1241 1172 1304 ab

124 1337 281 1417 unigenito
306 1336 363 1397 dei
394 1335 466 1414 lilio,
498 1337 556 1416 ipsi
588 1335 644 1397 deo
661 1337 748 1415 pdtri
771 1338 1043 1422 consubstantiali,
1063 1341 1174 1406 babeat

125 1436 295 1498 distinctam
310 1438 382 1512 30)(ι
472 1511 475 1522 ¹

126 1593 131 1606 .
226 1537 419 1601 Seblueterus
451 1535 508 1598 bas
536 1555 629 1603 resa
658 1539 751 1602 Scato
786 1555 848 1599 non
884 1537 1040 1601 distinctas
1070 1547 1172 1622 negat.

127 1640 188 1704 Sed
221 1640 397 1719 iampridem
430 1657 447 1701 a
478 1640 571 1718 nobis,
598 1641 830 1702 demonstratum
851 1646 916 1717 est,
939 1638 1020 1720 quod
1037 1641 1076 1702 ad
1098 1643 1173 1704 sub-

131 1741 269 1802 stantiam
294 1742 434 1817 attineat,
469 1758 526 1819 qua
556 1757 615 1802 una
645 1743 675 1802 in
708 1759 742 1802 re
773 1741 833 1800 boc
863 1739 933 1802 loco
978 1748 1087 1803 cuncta
1114 1759 1175 1822 po-

14 1869 15 1890 t
128 1842 184 1902 sita
213 1855 283 1901 esse
315 1847 451 1916 constat,
478 1847 509 1902 el
542 1841 681 1902 Naturam
717 1847 849 1902 croatam
873 1847 1038 1918 creantem,
1059 1850 1090 1904 et
1109 1845 1173 1907 Na-

126 1947 220 2002 turam
245 1947 377 2003 creatam
400 1957 461 2002 non
483 1948 635 2002 creantem
656 1942 685 2001 in
708 1942 792 2002 tibris
816 1939 854 2001 de
876 1940 1026 2004 divisione
1048 1949 1175 2008 naturae

48 2049 51 2058 “
128 2057 193 2102 cum
217 2043 372 2122 unigenito
398 2041 446 2102 dei
469 2039 529 2101 blio
552 2042 628 2120 patri
650 2057 706 2102 suo
729 2041 987 2119 consubstantiali,
1009 2059 1079 2104 esse
1097 2059 1178 2104 con-

127 2147 210 2207 tusas
235 2150 280 2223 (ς.
304 2141 342 2204 29
368 2181 408 2190 -
426 2150 454 2218 t.
477 2140 556 2216 380.
608 2141 673 2202 lice
703 2146 802 2203 autem
826 2143 947 2222 proprie
967 2143 1025 2208 sibi
1047 2143 1176 2206 demon·-

127 2243 280 2320 strandum
314 2241 430 2319 luisse,
457 2242 689 2306 substantiarum
732 2259 802 2304 osse
834 2260 926 2323 posse
957 2243 1174 2326 diversitatem,

128 2342 328 2421 Scblueterus,
350 2349 515 2424 opinamur,
536 2360 597 2404 non
619 2343 838 2405 animadvertil
1169 2401 1173 2409 .

226 2445 275 2506 lll.
319 2445 434 2518 Quodsi
470 2445 526 2522 (ci.
547 2453 576 2520 §.
599 2446 652 2521 45,
673 2444 725 2520 ll.)
757 2439 835 2524 apud
868 2461 935 2506 eum
955 2444 1017 2508 boc
1036 2445 1175 2528 legimus,

128 2541 290 2625 Erigonae,
312 2545 409 2607 sicubi
432 2545 557 2606 dixerit:
590 2545 689 2623 „Deus
710 2546 808 2611 estin
827 2561 872 2622 se,
892 2544 977 2608 litia
998 2548 1175 2624 creaturis“,

128 2645 212 2705 sive:
233 2643 332 2722 ,Deus
356 2652 476 2706 creatur
497 2647 527 2707 in
551 2645 708 2707 omnibus“
731 2683 772 2694 -
796 2646 861 2708 ba·
876 2646 908 2706 in
929 2662 964 2706 re
984 2661 1054 2708 esse
1071 2645 1174 2708 indul-

129 2743 280 2824 gendum,
315 2746 400 2824 quasi
433 2745 492 2806 bae
525 2744 611 2806 solae
642 2744 812 2808 locutiones
844 2745 921 2823 siut,
955 2752 1079 2825 propter
1101 2763 1175 2826 quas

130 2844 307 2923 pantheismi
340 2847 494 2908 accusatio
528 2844 678 2926 Erigonae
703 2847 799 2926 possit
826 2844 951 2922 intendi,
976 2863 1033 2908 nos
1056 2848 1177 2926 quidem

113 2933 204 3007 'sane
236 2959 296 3006 nou
320 2944 483 3024 uidemus,
506 2945 576 3026 quid
612 2946 679 3025 ipsi,
701 2947 752 3026 qui
772 2952 872 3006 tamen
893 2945 1065 3026 Erigonam,
1086 2965 1176 3028 quum

133 3044 248 3122 ederet,
271 3043 428 3126 perlegere
451 3045 566 3124 debuit,
591 3047 649 3107 bac
670 3048 699 3107 in
722 3063 757 3108 re
777 3043 943 3108 acciderit!
963 3083 1003 3096 -
1038 3099 1040 3105 ,
1137 3077 1140 3087 ·

229 3137 277 3208 tv'.
320 3146 382 3209 Nec
417 3149 559 3227 ampliore
591 3148 710 3210 fortuna
739 3163 812 3210 usus
832 3153 879 3208 esi
898 3149 929 3209 in
949 3149 998 3225 iis,
1017 3164 1096 3230 puae
1119 3147 1176 3224 (cf.

16 3223 17 3232 ¹
132 3252 158 3320 ς.
179 3246 232 3324 45,
256 3246 322 3320 tlt.)
356 3247 440 3328 quasi
477 3247 719 3325 exabundanti,
746 3243 778 3310 ut
800 3248 892 3326 aiunt,
914 3251 1078 3329 congessit„
1121 3249 1175 3312 llis

132 3347 210 3408 enim
234 3345 392 3424 derebus,
414 3349 443 3424 si¹
461 3366 519 3410 uua
540 3356 571 3409 et
596 3349 667 3409 item
688 3347 793 3425 attera,
816 3348 897 3428 qnod
918 3354 1018 3410 tamen
1038 3350 1090 3411 vix
1105 3366 1176 3410 cre-

133 3444 307 3524 diderimus,
330 3464 490 3527 quaecum
510 3448 698 3528 pantbeismc
722 3447 907 3527 Erigenieno
930 3454 1061 3528 pugnet,
1084 3465 1176 3529 repe-

131 3549 235 3627 riatur,
258 3549 308 3626 qui
332 3551 451 3612 tandem
476 3550 585 3614 factum
616 3557 677 3628 est,
697 3555 730 3611 ut
750 3540 942 3612 Soblueterr'rs
964 3565 1003 3609 ne
1025 3546 1084 3610 boc
1106 3549 1176 3628 qui-

134 3648 201 3710 dem
221 3650 399 3727 respexerit,
435 3669 506 3714 num
539 3651 618 3714 lorte
651 3651 794 3732 llrigena,
828 3665 917 3729 quum
936 3647 1014 3709 illam
1039 3649 1175 3725 doceret,

134 3764 237 3827 parum
270 3745 326 3808 sibl
362 3751 557 3812 constiterit?
586 3787 627 3800 --
650 3750 784 3830 Namque
807 3754 873 3834 est,
895 3746 946 3809 ubi
976 3747 1094 3810 sibimet
1118 3747 1176 3827 ipsi

135 3847 396 3926 contradical³¹);
415 3867 515 3931 neque
535 3851 694 3913 levissimis
721 3856 832 3914 tantum
851 3849 884 3911 iu
905 3848 1006 3910 rebus.

169 4050 216 4122 30)
236 4051 293 4104 Hoc
311 4063 401 4106 autem
418 4055 585 4120 Gorrresiirs,
607 4057 650 4108 eui
666 4055 802 4118 tribuitur,
820 4067 876 4106 uon
893 4053 970 4106 dixit.

170 4138 217 4211 31)
237 4138 272 4190 cf.
291 4139 378 4194 Huck.
397 4145 427 4196 in
445 4143 580 4216 epharaim.
599 4145 748 4196 Bonnense.
767 4142 833 4204 xvi,
855 4159 882 4212 p.
901 4139 953 4286 42g
961 4136 1005 4190 43.
