3014 4950
1166 493 1206 556 67

166 694 233 741 oum
255 694 293 740 eo
317 677 473 753 vixerunt,
505 695 562 740 nec
595 680 612 742 a
646 684 740 740 semet
768 679 834 758 ipso
865 675 1027 758 appellatus
1049 678 1209 759 invenitur,

166 779 226 840 nisi
248 779 463 860 ,Scotigena“,
492 779 616 858 „Scotus
636 779 713 858 ille“,
733 783 911 857 ,extremus
935 777 1060 858 sophiae
1081 780 1210 842 studen-

166 880 257 941 tium“
280 915 319 928 -
343 885 373 940 et
391 895 468 960 quae
491 885 558 941 sunt
579 881 701 962 generis
724 878 868 945 eiusdem.
893 913 929 926 -

248 977 334 1039 Haud
356 977 445 1040 facile
469 979 699 1057 crediderimus,
734 981 812 1040 inter
833 978 990 1052 homines,
1019 979 1114 1060 qualis
1137 979 1209 1042 Eri-

164 1094 244 1160 gena
268 1078 332 1155 luit,
364 1095 541 1159 quemquam
559 1079 718 1156 exstitisse,
753 1080 791 1140 dc
812 1095 871 1160 quo
891 1080 1005 1139 maiore
1029 1085 1209 1141 coutrover-

165 1180 276 1240 siarum
296 1163 478 1240 multitudine
502 1180 540 1241 ab
561 1179 712 1241 historicis
737 1183 877 1261 agitatum
899 1181 946 1240 sit.
968 1178 1081 1258 ltaque,
1104 1197 1210 1260 quam-

164 1279 211 1341 vis
233 1295 372 1360 magnum
395 1298 495 1342 earum
518 1298 672 1342 numerum
692 1281 748 1342 iarn
772 1281 984 1360 adtigerimus,
1019 1299 1077 1342 urm
1108 1287 1208 1342 tamen

165 1385 211 1440 est
232 1378 358 1460 reliqua.
378 1417 421 1439 ,-
442 1381 571 1444 Narrant
600 1381 712 1456 (enim)
741 1381 877 1461 permulti
909 1386 1068 1458 auctores,
1104 1387 1209 1445 contra

165 1479 245 1559 quod
264 1480 354 1540 nobis
373 1483 405 1540 in
425 1480 530 1558 Gallia,
552 1487 584 1542 ut
602 1481 740 1560 diximus,
762 1487 893 1542 mortuus
907 1497 976 1541 csse
993 1480 1119 1570 videtur,
1141 1498 1209 1542 eum

165 1579 202 1639 ab
233 1577 360 1640 Allredo
392 1578 502 1660 Magno
535 1581 675 1656 (circiter
696 1583 722 1641 a.
747 1579 983 1657 DCCCXXXV.)
1006 1581 1036 1642 in
1059 1581 1208 1662 Angliam,

165 1684 197 1739 ut
217 1677 372 1740 doctrinae
395 1697 467 1741 suae
490 1680 596 1762 Anglis
618 1680 786 1742 bominibus
809 1682 925 1760 copiam
948 1681 1074 1758 laceret,
1097 1679 1212 1742 arceri

166 1777 252 1840 situm
276 1795 363 1855 esse3
396 1778 445 1840 hic
475 1779 512 1841 ad
542 1781 659 1842 abbatis
690 1780 862 1861 dignitatem
884 1796 950 1841 eum
974 1782 1209 1862 pervenissem,

165 1895 253 1958 quum
277 1877 408 1940 violenta
430 1897 505 1940 nece
529 1879 710 1959 occidisset,
751 1882 838 1942 ctiam
860 1881 889 1941 in
912 1887 1100 1959 ,sauctorum
1124 1898 1208 1942 mar·

162 1976 283 2059 t'yrum“
304 2006 344 2028 *-
366 1996 488 2041 numero
509 1996 579 2042 csse
601 1979 742 2042 babitum'.
763 2017 804 2031 -
833 1979 917 2042 liano
936 1981 1138 2042 narrationem
1162 1981 1209 2043 bis

166 2079 303 2140 ducentis
324 2079 388 2141 sere
408 2081 507 2155 annis,
527 2097 593 2142 cum
616 2095 655 2141 eo
677 2095 771 2160 usque
792 2080 842 2142 diu
864 2082 1044 2141 inconcussa
1066 2081 1208 2158 stetisset,

162 2179 334 2242 blabillouio
351 2183 391 2256 ¹⁹)
412 2175 489 2242 duce
512 2197 548 2244 ac
569 2180 714 2262 signifero
741 2179 957 2262 diligentissimi
979 2181 1086 2260 quique
1108 2181 1208 2244 hislo-

163 2281 221 2342 rici
243 2282 386 2342 acerrime
408 2283 625 2363 impugnarunt.
657 2283 748 2344 Notra
774 2288 870 2343 autern
894 2286 991 2341 aelate
1014 2282 1135 2358 exstitit,
1157 2285 1207 2363 qui

161 2398 226 2443 rem
249 2381 433 2462 desperatam
455 2385 483 2444 in
506 2384 658 2463 pristinum
681 2385 838 2472 restituere
863 2389 1022 2444 conaretur
1033 2387 1086 2455 ⁹⁰).
1128 2384 1204 2461 lloc,

163 2499 247 2563 quam
270 2500 330 2544 nou
353 2491 531 2569 consecutus
553 2486 610 2562 sit,
644 2485 714 2548 licet
743 2483 910 2564 plausorem
940 2502 1025 2546 suurn
1046 2485 1205 2566 invenerit,

165 2582 274 2662 paucis,
295 2585 460 2664 opinamur,
483 2574 630 2646 declarari
650 2590 757 2664 potest.

243 2683 529 2764 Quantamcunque,
567 2685 616 2764 qul
651 2702 715 2746 rem
744 2681 929 2762 detendunt,
965 2684 1202 2748 testimoniorum

162 2783 341 2866 farraginem
367 2789 604 2866 congemnto),
639 2785 842 2863 antiquissima
879 2783 915 2844 ab
948 2784 985 2846 iis
1006 2785 1202 2863 scriptoribus

160 2891 308 2964 repetunt,
331 2879 379 2963 qui
399 2885 545 2960 ducentis,
565 2890 594 2945 et
617 2883 753 2964 amplius,
776 2882 860 2944 annis
883 2888 949 2963 post
971 2884 1090 2946 Scotum
1111 2886 1199 2945 vixe-

158 2991 242 3045 runt:
265 2982 409 3062 lngoll'um
433 2983 559 3046 dicimus
581 2983 768 3044 abbatemet
790 2981 934 3045 Guiliclm.
952 2983 1201 3046 lllalmesburien-

158 3102 229 3146 sem.
272 3085 319 3147 Ad
343 3085 444 3146 horum
464 3084 563 3176 sudem,
590 3085 639 3163 qui
660 3091 765 3174 postea
787 3085 945 3164 scripsere,
969 3101 1037 3144 sese
1060 3084 1125 3145 lere
1146 3101 1198 3145 re-

159 3185 277 3266 cipiunt.
322 3183 393 3246 Cum
416 3183 678 3246 blalmesburicnse
700 3185 816 3265 quidem
840 3185 890 3263 illi,
913 3201 988 3263 quos
1016 3184 1094 3246 inter
1125 3183 1199 3246 reli·
1296 3261 1303 3270 ·

157 3305 244 3366 quam
279 3286 391 3348 turbam
425 3286 533 3346 habent
563 3286 643 3350 velut
674 3287 751 3348 inter
773 3287 859 3366 ignes
880 3287 978 3347 lunam
1004 3288 1134 3347 minores
1155 3323 1196 3334 -

157 3383 338 3447 adverbum
361 3385 425 3448 iere
457 3386 663 3470 consentiunt,
693 3392 898 3465 praeterquam
930 3384 1027 3464 quod,
1062 3386 1112 3446 ubi
1146 3384 1198 3448 ille

157 3482 272 3546 cautius
303 3483 430 3561 dubitat,
465 3483 495 3546 hi
527 3485 699 3565 plerumque
730 3484 913 3547 confidenter
942 3483 1103 3549 affirmant:
1138 3504 1197 3548 neo

155 3630 448 3652 *Ἃ

192 3730 237 3796 19)
256 3731 290 3782 cl.
311 3729 376 3782 Acta
397 3733 494 3785 bened.
515 3752 583 3788 saec.
603 3737 648 3800 lV,
666 3744 731 3789 torn.
751 3733 783 3786 1t.
803 3751 829 3804 p.
849 3734 901 3788 506
921 3753 977 3806 seq.

188 3838 235 3906 20)
258 3837 376 3889 Dicimus
395 3837 658 3906 Staudenmaierum3
686 3839 720 3890 cf.
745 3839 802 3890 eius
822 3841 928 3904 librum,
941 3840 1001 3909 =qui
1021 3840 1194 3891 inscribitur:

252 3925 365 3978 loannes
385 3925 480 3976 Scotus
499 3925 611 3992 Erigena
630 3935 673 3978 cet
698 3935 750 3978 cet.
771 3945 796 3996 p.
819 3927 868 3980 110
887 3945 940 3998 seq.
978 3929 1045 3978 Huic
1070 3926 1192 3978 adsenti-

251 4021 295 4064 tur
313 4015 484 4065 Schluelerns
505 4014 532 4062 in
546 4029 592 4063 sua
609 4013 735 4064 librorum
750 4014 783 4065 de
796 4014 848 4064 div.
859 4023 914 4066 nat.
930 4014 1051 4066 editione
1067 4031 1091 4082 p·
1101 4013 1126 4064 V
1136 4031 1190 4082 aeq.

186 4116 235 4184 21)
254 4116 409 4170 Staudenrn.
433 4116 448 4166 l.
462 4117 479 4167 l.
500 4116 626 4179 omnium,
646 4136 711 4187 quos
724 4120 846 4190 vidimus,
865 4119 977 4187 plurima
991 4117 1083 4168 habet:
1104 4133 1188 4186 quare

222 4223 224 4230 ·
250 4200 284 4253 ad
304 4204 360 4255 eius
380 4205 486 4268 librum,
505 4205 552 4275 qui
573 4222 626 4256 rem
645 4221 804 4274 cognoscere
823 4203 940 4276 cupiant,
959 4205 1177 4274 ablegaverinros.
