3010 4946
1073 459 1178 534 ‘m

137 657 314 735 monachus,
327 659 387 740 'qui
411 657 569 720 admodum
589 657 647 720 lide
669 655 777 738 dignus
796 655 921 720 habetur
937 661 988 736 ¹⁹),
1011 659 1048 720 ad
1073 673 1192 721 annum*

10 737 12 850 l
136 759 307 822 MCGXXV.
332 759 408 820 haec
432 759 542 820 refert:
570 758 722 835 ‘‚,Lilterne
745 761 849 820 summi
872 759 1020 821 Pontificis
1042 760 1185 835 (llonorh’

10 853 11 866 ¹
135 858 202 933 lll.)
224 895 265 909 -
287 907 295 924 .
319 905 326 920 .
351 903 360 919 .
383 859 441 920 hoc
470 877 548 920 anno
583 859 654 935 (de)
678 858 794 921 solenni
817 859 1006 921 damnatione
1028 859 1183 922 cuiusdam

138 957 231 1022 libelli
252 959 373 1021 loannis
394 960 484 1022 Scoli.
527 958 676 1021 Honorius
701 960 868 1039 episcopus,
902 977 1007 1021 servus
1029 977 1185 1048 servorum

141 1059 203 1138 dei,
225 1058 461 1138 archiepiscopis
482 1066 511 1120 el
534 1060 684 1139 episcopis
706 1068 763 1122 etc.
796 1060 936 1122 Inimicus
958 1060 1048 1122 homo
1070 1063 1187 1123 zizania

139 1159 221 1222 hono
237 1159 343 1220 semini
358 1159 598 1238 superseminare
616 1176 676 1220 non
698 1166 798 1220 cessat
817 1165 875 1221 ete.
908 1160 1008 1240 Nuper
1029 1160 1188 1239 siquidem,

142 1260 220 1322 sicul
255 1259 342 1320 nohis
370 1259 555 1340 'significavit
589 1259 732 1323 venerab.
767 1259 860 1322 lrater
892 1267 996 1322 noster
1028 1262 1187 1324 Parisiens.

146 1359 307 1440 episcopis,
331 1358 517 1439 estquidam
540 1360 627 1436 liber,
658 1361 709 1439 qui
729 1360 857 1422 Perihsis
878 1360 1018 1434 titulatur,
1051 1363 1189 1422 inventas

95 1521 98 1530 ,
144 1465 190 1522 tot
211 1466 333 1521 scatens
354 1459 504 1522 vermibus
524 1460 697 1522 haereticae
716 1460 888 1540 pravilatis,
918 1459 997 1522 unde
1019 1479 1036 1523 e
1058 1477 1190 1522 venera-

147 1560 197 1622 bili
218 1559 311 1622 lratre
330 1566 442 1621 nostro
473 1560 700 1640 archiepiscopo
742 1560 910 1624 Senonensi
941 1568 971 1622 et
991 1556 1191 1642 suffraganeis

149 1660 223 1738 eius,
245 1660 276 1722 in
298 1659 474 1740 provinciali
496 1660 625 1722 concilio
645 1662 848 1742 congregatis,
871 1662 948 1724 iusto
972 1668 1019 1724 est
1041 1661 1090 1723 dei
1107 1659 1191 1724 iudl-
1266 1647 1268 1655 '

151 1760 198 1822 clo
218 1759 405 1839 reprobatus.
444 1759 519 1832 Quia
542 1760 632 1840 igilur
651 1759 738 1836 liber,
760 1761 838 1822 sicut
858 1761 1035 1840 recepimus,
1058 1763 1089 1824 in
1109 1778 1191 1823 non-

148 1858 236 1920 nullis
256 1860 445 1924 monasteriis
467 1866 498 1921 el
520 1860 586 1922 eliis
607 1859 838 1936 locishahetnr,
868 1866 898 1922 et
920 1860 1093 1924 claustrales
1112 1877 1193 1923 non.

149 1956 221 2021 nulli
242 1965 272 2021 et
296 1960 352 2021 viri
373 1959 546 2022 scholastici
569 2005 577 2022 .
598 2006 630 2022 ..
654 1979 689 2022 se
712 1960 881 2023 studiosius·
893 1968 1042 2041 occupant
1062 1962 1194 2024 lectione

151 2058 223 2121 dieti
254 2059 349 2121 libri.
373 2077 490 2123 ..nos
520 2061 602 2124 iuxta
635 2059 793 2140 pastoralis
827 2061 1035 2124 sollicitudinis
1064 2061 1195 2124 debilem

151 2158 347 2238 corruptelae,
368 2177 455 2241 quam
477 2161 619 2242 ingerere
632 2167 736 2241 posset
749 2159 825 2224 liber
837 2159 1016 2240 huiusmodi,
1032 2178 1195 2224 occurrere

154 2265 336 2340 satagentes,
358 2261 446 2322 vobis
469 2262 617 2322 universis
640 2267 671 2322 el
692 2255 819 2340 singulis
840 2259 869 2321 in
893 2261 1001 2323 virtute
1021 2277 1046 2322 s.
1069 2261 1194 2340 Spiritus

154 2361 288 2424 districte
308 2362 520 2442 praecipiendo
543 2361 737 2438 mundamus,
769 2367 914 2441 quatenus
944 2361 1075 2423 libellum
1108 2364 1196 2424 istum

152 2461 280 2524 sollicite
299 2464 486 2543 perquiratis,
507 2469 537 2524 et
556 2462 726 2542 ubieunque
747 2464 841 2543 ipsum
861 2462 909 2523 vel
929 2469 1042 2542 partem
1066 2464 1131 2523 elus
1145 2462 1196 2522 in-

156 2561 250 2623 ueniri
274 2565 444 2644 contigerit,
466 2563 505 2625 ad
521 2579 587 2640 nos,
610 2564 635 2623 si
651 2580 757 2624 secure
773 2562 836 2623 heri
850 2563 955 2641 possit,
974 2562 1040 2623 sine
1055 2562 1197 2624 dilutione

158 2663 275 2726 mittetis
298 2663 462 2726 solenniter
482 2661 734 2738 comburendum,
768 2661 898 2742 alioquin
927 2661 1057 2741 vosipsi
1079 2660 1198 2740 publice

156 2763 338 2826 comburatis
368 2763 514 2841 eundem,
547 2762 674 2826 subditis
700 2764 809 2824 vestris
830 2777 974 2842 expresse
996 2761 1199 2842 iniungentes,

157 2869 201 2939 ut,
231 2865 399 2943 quicunque
432 2863 563 2942 ipsorum
592 2862 703 2924 hahent
729 2861 777 2922 vel
800 2861 913 2923 habere
933 2868 1060 2942 possunt
1083 2863 1113 2922 in
1135 2867 1198 2922 toto

158 2965 206 3026 vel
228 2964 258 3025 in
282 2970 366 3043 parte
388 2962 570 3043 exemplaria
591 2961 662 3026 dieti
683 2962 768 3037 libri,
797 2979 833 3024 ea
855 2962 944 3026 nohis
966 2971 1037 3038 (ne)
1062 2960 1200 3024 dillerant

158 3065 328 3144 resignare.
369 3064 435 3140 (ln)
457 3081 573 3141 omnes,
595 3063 646 3144 qui
664 3061 739 3125 ultra
751 3061 804 3126 XV
826 3062 900 3139 dies,
922 3068 1076 3142 postquam
1096 3060 1202 3123 huius·

159 3163 241 3226 modi
272 3162 440 3227 mandalum
462 3183 517 3227 sau
538 3164 727 3227 denunciatio
750 3162 943 3225 ed‘nulitiam
966 3179 1069 3224 eorum
1090 3179 1203 3242 perve-

158 3265 254 3340 nerit,
292 3263 398 3328 librum
430 3268 541 3345 ipsum,
564 3271 654 3326 tolum
677 3270 727 3326 aut
744 3269 877 3343 perlem,
909 3263 1041 3324 scienter
1070 3263 1202 3324 relinere

158 3366 411 3442 praesumserint,
455 3365 772 3438 excommunicationis
813 3357 988 3426 sententiam
1028 3361 1203 3439 incurrisse,

161 3468 320 3542 notamque
341 3467 494 3546 pmvitelis
515 3467 686 3529 haereticae
708 3482 768 3526 non
796 3464 934 3526 evadent.
977 3463 1082 3525 Datum
1113 3460 1204 3522 Lale-

161 3562 228 3624 reni
250 3561 288 3624 X.
311 3563 370 3625 Cal.
393 3566 479 3629 Febr.
503 3572 577 3628 ele.“
598 3602 638 3614 -
797 3619 800 3628 .

245 3663 328 3726 llaec
350 3666 439 3746 igitur
466 3673 623 3748 postquam
655 3666 692 3729 ah
721 3665 854 3728 llonorio
875 3663 922 3730 lll.
946 3661 1089 3724 adversus
1108 3660 1203 3722 libros

163 3763 202 3826 de
226 3765 339 3826 naturis
372 3782 509 3845 supremo
539 3766 682 3848 supplicio
713 3768 827 3829 sancita
849 3771 934 3840 sunt,
964 3779 1018 3842 per
1047 3762 1202 3842 proximos

164 3862 282 3928 CCCCL
306 3881 411 3942 annos,
434 3865 501 3928 dum
525 3867 652 3932 Thomas
673 3867 765 3948 Galel,
795 3863 987 3941 Oxorriensls,
1004 3853 1101 3942 'opera
1123 3862 1201 3942 tipis

163 4013 455 4030 *Q—-afl-

203 4096 249 4167 19)
267 4101 347 4170 Quod
366 4099 487 4171 pluribus
506 4099 603 4170 probet
617 4100 658 4150 vir
675 4115 792 4151 summus
810 4098 842 4150 G.
860 4098 898 4150 G.
914 4095 1065 4150 Lelbnitiua
1079 4094 1107 4144 ln
1120 4090 1203 4161 prael.

264 4187 299 4238 ad
318 4189 430 4242 alterum
448 4189 549 4240 volum.
569 4194 676 4258 paratae
697 4203 711 4238 a
733 4204 760 4238 se
778 4185 856 4237 huius
874 4184 990 4238 Alberlei
1009 4179 1148 4235 editionis.
