3014 4950
335 480 375 546 60

333 665 457 746 poribus
478 666 554 728 t'also
577 667 655 729 iltius
675 667 742 732 libri
764 678 869 735 auctor
891 674 1009 740 babitus
1038 681 1095 760 sit,
1128 663 1383 753 confidentissime
1493 758 1494 767 ,

334 764 524 828 nihilominus
548 766 702 846 affirment,
723 770 872 834 hominem
895 782 925 836 ct
944 781 1103 858 scripsisse
1134 801 1199 846 cum
1220 787 1382 852 Retramno

334 870 438 926 contra
450 865 651 946 baschamam,
676 876 706 930 et
722 871 769 946 (id
786 875 865 952 quod
881 875 1083 958 Scbiueterus‚
1105 883 1380 952 Staudenmaierum

333 965 563 1044 interpretatum,
597 969 653 1044 ait)
687 989 771 1048 „cum
801 973 963 1038 Retramno
1001 983 1154 1059 spirituale
1196 989 1381 1065 potissimum

333 1063 484 1144 dogmatis
505 1076 686 1130 momentum
710 1069 903 1136 illustrasse.“
946 1075 1039 1140 Huius
1061 1083 1139 1144 enirn
1163 1087 1225 1162 rei,
1259 1089 1382 1154 sublatis

333 1163 578 1246 berengarianae
615 1170 721 1230 aetatis
759 1175 956 1254 testimoniis,
990 1195 1047 1240 nec
1082 1180 1141 1242 ulta
1171 1183 1283 1249 indicia
1314 1207 1381 1251 ma.

333 1267 468 1346 neuun).
486 1303 527 1314 —
548 1267 751 1331 Adrcvatdum
776 1272 894 1352 quidem
909 1275 1129 1343 Floriacensem
1146 1289 1177 1344 ct
1190 1283 1380 1351 Hincmamm

332 1365 531 1442 Remensem,
567 1386 642 1447 quos
664 1387 753 1450 supra
773 1372 959 1460 audivimus,
990 1379 1015 1439 si
1043 1397 1130 1462 quern
1159 1384 1242 1447 Scoti
1272 1386 1380 1452 tibrum

332 1467 553 1546 perstrinxere,
573 1486 635 1530 non
656 1486 744 1548 curn,
765 1490 822 1551 quo
844 1473 1046 1558 berengarius
1065 1499 1136 1546 usus
1159 1491 1225 1564 est,
1256 1491 1382 1568 petiisse
1496 1559 1497 1562 ,

334 1566 520 1629 arbitramur.
565 1569 652 1642 Quod
667 1589 747 1641 mox
769 1574 891 1651 patebit.

415 1667 535 1727 Acerba
556 1669 694 1746 proiecto
718 1671 784 1733 iibri
806 1671 893 1735 buius
915 1671 1090 1756 Erigeniani
1110 1681 1170 1741 fata
1191 1681 1287 1748 fuere.
1316 1683 1381 1750 ne·
1496 1657 1497 1684 ¹

332 1768 492 1846 rengarius
515 1770 593 1830 enim
613 1769 692 1830 iilum
708 1771 864 1835 doctrinae
881 1791 954 1836 suae
970 1777 1124 1840 auctorem
1139 1780 1273 1862 laudans,
1294 1803 1381 1850 mor·
1496 1787 1497 1808 ¹

332 1865 420 1927 tifera
443 1866 487 1927 ilii
503 1867 626 1930 vulnera
650 1870 766 1932 inflixit.
808 1873 917 1935 Lectus
950 1880 993 1936 et·
1007 1875 1161 1941 damnatus
1183 1891 1229 1944 est
1250 1885 1382 1966 Parisiis,

333 1966 364 2026 in
388 1965 517 2026 concilio
539 1977 583 2040 (a.
605 1967 683 2042 ΜΕ.)
705 1971 760 2030 sub
783 1989 857 2053 rege
880 1973 1012 2037 Henric'o
1034 1976 1208 2059 babito⁹⁷);
1231 1983 1326 2049 lectus
1351 1995 1382 2050 et
1496 1975 1497 1978 ¹

332 2067 404 2144 ,sub
428 2067 632 2130 anathemate“
668 2070 824 2134 damnatus
853 2081 899 2159 est
933 2061 963 2136 in
995 2077 1119 2156 synodis
1144 2081 1329 2148 Vercetlonsi
1351 2091 1382 2149 et

332 2166 465 2228 Romana
488 2176 533 2246 (a.
554 2169 632 2240 ML.)
653 2173 708 2232 sub
732 2173 833 2265 Leone
851 2174 912 2252 IX,
934 2193 1049 2239 summo
1069 2181 1220 2260 pontifice,
1244 2203 1389 2268 congre-¹

331 2269 477 2346 pansa).
521 2269 645 2332 Postero
677 2277 810 2352 ternpore
843 2275 928 2354 peius
965 2279 1053 2339 etiarn
1074 2280 1104 2340 in
1126 2299 1191 2342 cum
1214 2287 1380 2349 consultum

333 2375 388 2429 cst.
420 2369 560 2431 Nicotaus
585 2373 662 2431 enim
686 2371 720 2447 n,
741 2373 878 2450 pontifex
898 2377 1054 2455 maximus,
1077 2396 1141 2440 cum
1165 2383 1294 2445 concilio
1316 2383 1382 2448 no.
1496 2393 1497 2408 ¹

332 2485 421 2528 mano
444 2481 488 2544 (a.
509 2469 628 2545 thtX.)
652 2471 877 2553 berengarium,
897 2481 928 2536 ut
948 2477 1013 2554 ipse
1035 2494 1113 2555 eum,
1147 2482 1294 2562 omnibus,
1329 2487 1380 2564 qui

332 2567 466 2644 aderant,
496 2570 741 2650 inspectantibus,
778 2590 910 2637 accenso
936 2575 1026 2638 adid
1049 2577 1291 2662 socoiniiceret,
1325 2601 1381 2647 sua

332 2669 510 2730 auctoritate
528 2670 695 2750 coegitaap.
717 2709 759 2721 -
870 2731 871 2738 ,

413 2768 507 2841 Quam
540 2769 668 2849 denique
698 2772 808 2834 Scotus
838 2773 1016 2835 sententiam
1041 2773 1079 2836 de
1104 2791 1232 2854 corpore
1254 2781 1283 2835 et
1304 2792 1381 2836 san·
1438 2832 1441 2838 ,

331 2869 423 2948 guine
444 2869 564 2932 Domini
588 2870 798 2953 proposuerit,
833 2890 921 2951 quum
955 2875 1048 2953 ipsius
1079 2873 1156 2934 tiber
1185 2875 1380 2954 iampridem

331 2970 414 3029 visus
436 2971 577 3047 nonsit,
608 2972 830 3032 coniioiendum
852 2980 898 3033 est
920 2991 959 3036 ex
979 2974 1153 3054 Berengarii
1176 2975 1380 3058 opinionibus,

331 3075 433 3146 utpote
455 3069 503 3148 qui
520 3073 708 3132 continenter
722 3071 817 3150 ipsum
834 3089 907 3133 suae
923 3072 1079 3134 doctrinae
1096 3080 1249 3136 auctorem
1264 3077 1380 3139 iactare

332 3169 370 3227 sit
390 3166 574 3244 solitus100).
616 3171 700 3232 Hane
733 3187 807 3231 vero
839 3171 888 3232 itta
910 3173 1096 3252 potissimum
1125 3174 1301 3256 berengarii
1322 3177 1381 3239 ad-

332 3284 439 3328 versus
461 3266 659 3330 Lanbancum
677 3271 862 3350 scriptione,
895 3291 982 3352 quam
1014 3273 1047 3336 G.
1069 3275 1105 3337 b.
1127 3274 1312 3356 Lessingius,
1342 3294 1380 3339 eo

334 3367 657 3447 usquerecentioribus
665 3370 859 3449 incognitam,
876 3367 1381 3455 exGuett'erbytanaebibliothecae

336 3464 459 3527 latebris
480 3471 636 3548 protraxit,
660 3477 799 3550 quantum
820 3473 893 3534 satis
914 3480 970 3554 est,
992 3463 1141 3555 inaperta
1162 3476 1229 3538 luce
1246 3477 1382 3538 coltoca—
1461 3547 1465 3559 ,

1280 3571 1296 3619 a

375 3690 422 3759 96)
440 3695 473 3745 cf.
491 3695 579 3746 Latiis.
598 3698 616 3752 1.
630 3715 651 3747 c.
671 3715 697 3768 p.
718 3697 877 3754 768-779.

374 3794 421 3861 97)
438 3797 472 3860 pf.
490 3798 587 3850 Manat.
609 3807 672 3852 tom.
691 3801 761 3854 xlx.
782 3805 835 3855 col.
859 3803 911 3858 782
930 3805 959 3858 E.

356 3895 422 3970 Ἰ98)
440 3899 474 3948 cf.
495 3901 589 3951 Mauri.
608 3902 659 3953 l.c.
681 3905 732 3955 col.
751 3905 802 3962 757
822 3907 842 3956 E
861 3925 925 3978 seq„
953 3910 1004 3962 col.
1026 3910 1078 3963 773
1094 3911 1123 3975 B,
1153 3911 1204 3962 col.
1224 3907 1275 3962 778
1287 3907 1381 3973 E,col.

441 3983 491 4036 760
510 3987 532 4036 D
551 4004 607 4056 sep.
897 4017 899 4022 ¹

376 4084 423 4154 99)
445 4079 483 4138 cs.⁴
501 4089 594 4142 blansi.
615 4092 634 4142 l.
646 4109 669 4142 c.
687 4095 737 4145 coi.
756 4088 809 4148 902
827 4100 930 4161 n-tt,
949 4101 1001 4151 col.
1022 4097 1073 4150 759
1092 4102 1122 4151 d.

364 4187 426 4256 too)
448 4192 481 4244 cs.
500 4194 593 4248 Ritter.
611 4195 663 4252 bc.
681 4197 741 4250 Vei.
763 4198 794 4252 11.
812 4218 839 4270 p.
856 4199 915 4266 189,
934 4210 961 4255 et
980 4219 1052 4274 supr.
1071 4211 1128 4258 not.
1148 4199 1190 4256 75·
1209 4229 1243 4246 -
