<?xml version="1.0" encoding="UTF-8"?>
<!DOCTYPE html PUBLIC "-//W3C//DTD XHTML 1.0 Transitional//EN"
    "http://www.w3.org/TR/xhtml1/DTD/xhtml1-transitional.dtd">
<html xmlns="http://www.w3.org/1999/xhtml" xml:lang="en" lang="en">
 <head>
  <title>
</title>
<meta http-equiv="Content-Type" content="text/html;charset=utf-8" />
  <meta name='ocr-system' content='tesseract 3.04.00' />
  <meta name='ocr-capabilities' content='ocr_page ocr_carea ocr_par ocr_line ocrx_word'/>
</head>
<body>
  <div class='ocr_page' id='page_1' title='image "./deioannescotoer01unkngoog_0039.png"; bbox 0 0 3014 4950; ppageno 0'>
   <div class='ocr_carea' id='block_1_1' title="bbox 323 455 365 518">
    <p class='ocr_par' dir='ltr' id='par_1_1' title="bbox 323 455 365 518">
     <span class='ocr_line' id='line_1_1' title="bbox 323 455 365 518; baseline 0 0"><span class='ocrx_word' id='word_1_1' title='bbox 323 455 365 518; x_wconf 80' lang='grc'><strong>30</strong></span> 
     </span>
    </p>
   </div>
   <div class='ocr_carea' id='block_1_2' title="bbox 310 623 1425 2412">
    <p class='ocr_par' dir='ltr' id='par_1_2' title="bbox 312 623 1368 1906">
     <span class='ocr_line' id='line_1_2' title="bbox 325 623 1367 707; baseline 0.001 -17"><span class='ocrx_word' id='word_1_2' title='bbox 325 625 486 690; x_wconf 75' lang='lat' dir='ltr'><strong>cccclx.</strong></span> <span class='ocrx_word' id='word_1_3' title='bbox 506 627 555 686; x_wconf 92' lang='lat' dir='ltr'><strong>vel</strong></span> <span class='ocrx_word' id='word_1_4' title='bbox 577 623 762 688; x_wconf 68' lang='lat' dir='ltr'><strong>uccmxv.</strong></span> <span class='ocrx_word' id='word_1_5' title='bbox 782 625 946 707; x_wconf 85' lang='lat' dir='ltr'><strong>Dionysius</strong></span> <span class='ocrx_word' id='word_1_6' title='bbox 977 627 1129 690; x_wconf 84' lang='lat' dir='ltr'><strong>absolutus</strong></span> <span class='ocrx_word' id='word_1_7' title='bbox 1155 629 1218 698; x_wconf 82' lang='lat' dir='ltr'><strong>fuit.</strong></span> <span class='ocrx_word' id='word_1_8' title='bbox 1261 629 1367 691; x_wconf 85' lang='lat' dir='ltr'><strong>Exstat</strong></span> 
     </span>
     <span class='ocr_line' id='line_1_3' title="bbox 323 725 1365 804; baseline 0.002 -17"><span class='ocrx_word' id='word_1_9' title='bbox 323 744 359 787; x_wconf 91' lang='lat' dir='ltr'><strong>ea</strong></span> <span class='ocrx_word' id='word_1_10' title='bbox 382 726 473 787; x_wconf 90' lang='lat' dir='ltr'><strong>dere</strong></span> <span class='ocrx_word' id='word_1_11' title='bbox 495 725 572 804; x_wconf 90' lang='lat' dir='ltr'><strong>apud</strong></span> <span class='ocrx_word' id='word_1_12' title='bbox 596 725 733 787; x_wconf 88' lang='lat' dir='ltr'><strong>Bulaeum</strong></span> <span class='ocrx_word' id='word_1_13' title='bbox 755 725 809 798; x_wconf 85' lang='lat' dir='ltr'><strong>(cf.</strong></span> <span class='ocrx_word' id='word_1_14' title='bbox 834 744 899 804; x_wconf 91' lang='lat' dir='ltr'><strong>sup.</strong></span> <span class='ocrx_word' id='word_1_15' title='bbox 925 733 986 788; x_wconf 92' lang='lat' dir='ltr'><strong>nnl.</strong></span> <span class='ocrx_word' id='word_1_16' title='bbox 1013 729 1076 800; x_wconf 69' lang='grc'><strong>11.)</strong></span> <span class='ocrx_word' id='word_1_17' title='bbox 1098 727 1174 790; x_wconf 89' lang='lat' dir='ltr'><strong>baec</strong></span> <span class='ocrx_word' id='word_1_18' title='bbox 1193 728 1308 792; x_wconf 90' lang='lat' dir='ltr'><strong>Nicolai</strong></span> <span class='ocrx_word' id='word_1_19' title='bbox 1330 729 1365 801; x_wconf 89' lang='grc'><strong>1.,</strong></span> 
     </span>
     <span class='ocr_line' id='line_1_4' title="bbox 321 825 1366 906; baseline 0.003 -19"><span class='ocrx_word' id='word_1_20' title='bbox 321 833 415 906; x_wconf 85' lang='lat' dir='ltr'><strong>pont,</strong></span> <span class='ocrx_word' id='word_1_21' title='bbox 435 841 525 899; x_wconf 75' lang='lat' dir='ltr'><strong>max,</strong></span> <span class='ocrx_word' id='word_1_22' title='bbox 548 825 683 904; x_wconf 91' lang='lat' dir='ltr'><strong>epistola.</strong></span> <span class='ocrx_word' id='word_1_23' title='bbox 726 825 805 903; x_wconf 80' lang='lat' dir='ltr'><strong>,Nic</strong></span> <span class='ocrx_word' id='word_1_24' title='bbox 837 827 868 887; x_wconf 92' lang='lat' dir='ltr'><strong>S.</strong></span> <span class='ocrx_word' id='word_1_25' title='bbox 899 827 928 887; x_wconf 90' lang='lat' dir='ltr'><strong>S.</strong></span> <span class='ocrx_word' id='word_1_26' title='bbox 955 829 989 887; x_wconf 84' lang='lat' dir='ltr'><strong>ll.</strong></span> <span class='ocrx_word' id='word_1_27' title='bbox 1024 829 1139 889; x_wconf 88' lang='lat' dir='ltr'><strong>Dilecto</strong></span> <span class='ocrx_word' id='word_1_28' title='bbox 1170 829 1229 890; x_wconf 88' lang='lat' dir='ltr'><strong>llllo</strong></span> <span class='ocrx_word' id='word_1_29' title='bbox 1258 829 1366 890; x_wconf 86' lang='lat' dir='ltr'><strong>Carefo</strong></span> 
     </span>
     <span class='ocr_line' id='line_1_5' title="bbox 322 925 1368 1009; baseline 0.004 -22"><span class='ocrx_word' id='word_1_30' title='bbox 322 926 403 988; x_wconf 88' lang='lat' dir='ltr'><strong>Glor.</strong></span> <span class='ocrx_word' id='word_1_31' title='bbox 428 926 535 986; x_wconf 86' lang='lat' dir='ltr'><strong>Frauc.</strong></span> <span class='ocrx_word' id='word_1_32' title='bbox 560 925 594 986; x_wconf 89' lang='lat' dir='ltr'><strong>R.</strong></span> <span class='ocrx_word' id='word_1_33' title='bbox 635 925 696 986; x_wconf 90' lang='lat' dir='ltr'><strong>Sed</strong></span> <span class='ocrx_word' id='word_1_34' title='bbox 720 943 813 1004; x_wconf 84' lang='lat' dir='ltr'><strong>nuper</strong></span> <span class='ocrx_word' id='word_1_35' title='bbox 835 926 993 1004; x_wconf 76' lang='lat' dir='ltr'>doluimus,</span> <span class='ocrx_word' id='word_1_36' title='bbox 1014 934 1046 989; x_wconf 94' lang='lat' dir='ltr'><strong>ul</strong></span> <span class='ocrx_word' id='word_1_37' title='bbox 1069 929 1192 990; x_wconf 87' lang='lat' dir='ltr'><strong>relatum</strong></span> <span class='ocrx_word' id='word_1_38' title='bbox 1213 935 1259 990; x_wconf 87' lang='lat' dir='ltr'><strong>est</strong></span> <span class='ocrx_word' id='word_1_39' title='bbox 1279 930 1368 1009; x_wconf 90' lang='lat' dir='ltr'><strong>Apo-</strong></span> 
     </span>
     <span class='ocr_line' id='line_1_6' title="bbox 312 1025 1365 1110; baseline 0.002 -22"><span class='ocrx_word' id='word_1_40' title='bbox 312 1025 442 1088; x_wconf 90' lang='lat' dir='ltr'><strong>&#39;slolalui</strong></span> <span class='ocrx_word' id='word_1_41' title='bbox 472 1032 596 1102; x_wconf 89' lang='lat' dir='ltr'><strong>nostro,</strong></span> <span class='ocrx_word' id='word_1_42' title='bbox 633 1025 713 1105; x_wconf 89' lang='lat' dir='ltr'><strong>quod</strong></span> <span class='ocrx_word' id='word_1_43' title='bbox 744 1043 819 1106; x_wconf 90' lang='lat' dir='ltr'><strong>opus</strong></span> <span class='ocrx_word' id='word_1_44' title='bbox 846 1028 981 1108; x_wconf 83' lang='lat' dir='ltr'><strong>Dionysii</strong></span> <span class='ocrx_word' id='word_1_45' title='bbox 1009 1027 1213 1108; x_wconf 74' lang='lat' dir='ltr'><strong>Areopagitae</strong></span> <span class='ocrx_word' id='word_1_46' title='bbox 1245 1029 1365 1110; x_wconf 86' lang='lat' dir='ltr'><strong>quidam</strong></span> 
     </span>
     <span class='ocr_line' id='line_1_7' title="bbox 322 1126 1367 1208; baseline 0.002 -20"><span class='ocrx_word' id='word_1_47' title='bbox 322 1129 368 1188; x_wconf 91' lang='lat' dir='ltr'><strong>vir</strong></span> <span class='ocrx_word' id='word_1_48' title='bbox 392 1126 538 1202; x_wconf 88' lang='lat' dir='ltr'><strong>loannes,</strong></span> <span class='ocrx_word' id='word_1_49' title='bbox 571 1127 693 1187; x_wconf 89' lang='lat' dir='ltr'><strong>natione</strong></span> <span class='ocrx_word' id='word_1_50' title='bbox 727 1127 853 1205; x_wconf 80' lang='lat' dir='ltr'><strong>Scelus,</strong></span> <span class='ocrx_word' id='word_1_51' title='bbox 887 1145 982 1208; x_wconf 85' lang='lat' dir='ltr'><strong>nuper</strong></span> <span class='ocrx_word' id='word_1_52' title='bbox 1001 1129 1150 1192; x_wconf 89' lang='lat' dir='ltr'><strong>transtulit</strong></span> <span class='ocrx_word' id='word_1_53' title='bbox 1171 1131 1201 1189; x_wconf 92' lang='lat' dir='ltr'><strong>in</strong></span> <span class='ocrx_word' id='word_1_54' title='bbox 1221 1129 1367 1206; x_wconf 86' lang='lat' dir='ltr'><strong>Latinum,</strong></span> 
     </span>
     <span class='ocr_line' id='line_1_8' title="bbox 323 1226 1364 1305; baseline 0.002 -17"><span class='ocrx_word' id='word_1_55' title='bbox 323 1226 402 1305; x_wconf 89' lang='lat' dir='ltr'><strong>quod</strong></span> <span class='ocrx_word' id='word_1_56' title='bbox 424 1227 503 1287; x_wconf 84' lang='lat' dir='ltr'><strong>iuxta</strong></span> <span class='ocrx_word' id='word_1_57' title='bbox 527 1243 639 1289; x_wconf 85' lang='lat' dir='ltr'><strong>nrorem</strong></span> <span class='ocrx_word' id='word_1_58' title='bbox 659 1227 809 1287; x_wconf 84' lang='lat' dir='ltr'><strong>ecclesiae</strong></span> <span class='ocrx_word' id='word_1_59' title='bbox 831 1228 919 1289; x_wconf 92' lang='lat' dir='ltr'><strong>nobis</strong></span> <span class='ocrx_word' id='word_1_60' title='bbox 949 1230 1022 1290; x_wconf 93' lang='lat' dir='ltr'><strong>milti</strong></span> <span class='ocrx_word' id='word_1_61' title='bbox 1053 1235 1083 1290; x_wconf 89' lang='lat' dir='ltr'><strong>et</strong></span> <span class='ocrx_word' id='word_1_62' title='bbox 1111 1235 1215 1289; x_wconf 88' lang='lat' dir='ltr'><strong>nostro</strong></span> <span class='ocrx_word' id='word_1_63' title='bbox 1252 1229 1364 1290; x_wconf 89' lang='lat' dir='ltr'><strong>iudicio</strong></span> 
     </span>
     <span class='ocr_line' id='line_1_9' title="bbox 322 1325 1365 1408; baseline 0.005 -23"><span class='ocrx_word' id='word_1_64' title='bbox 322 1326 425 1387; x_wconf 82' lang='lat' dir='ltr'><strong>debuit</strong></span> <span class='ocrx_word' id='word_1_65' title='bbox 445 1326 636 1406; x_wconf 83' lang='lat' dir='ltr'><strong>approbari..</strong></span> <span class='ocrx_word' id='word_1_66' title='bbox 659 1325 836 1389; x_wconf 81' lang='lat' dir='ltr'><strong>Praesertim</strong></span> <span class='ocrx_word' id='word_1_67' title='bbox 867 1346 956 1408; x_wconf 89' lang='lat' dir='ltr'><strong>quum</strong></span> <span class='ocrx_word' id='word_1_68' title='bbox 990 1329 1068 1389; x_wconf 90' lang='lat' dir='ltr'><strong>idem</strong></span> <span class='ocrx_word' id='word_1_69' title='bbox 1097 1329 1227 1390; x_wconf 86' lang='lat' dir='ltr'><strong>loannes</strong></span> <span class='ocrx_word' id='word_1_70' title='bbox 1255 1329 1365 1391; x_wconf 89' lang='lat' dir='ltr'><strong>multae</strong></span> 
     </span>
     <span class='ocr_line' id='line_1_10' title="bbox 321 1427 1364 1509; baseline 0.005 -22"><span class='ocrx_word' id='word_1_71' title='bbox 321 1427 467 1487; x_wconf 79' lang='lat' dir='ltr'><strong>scientiae</strong></span> <span class='ocrx_word' id='word_1_72' title='bbox 488 1443 557 1487; x_wconf 89' lang='lat' dir='ltr'><strong>esse</strong></span> <span class='ocrx_word' id='word_1_73' title='bbox 574 1427 765 1506; x_wconf 79' lang='lat' dir='ltr'><strong>praedicetur</strong></span> <span class='ocrx_word' id='word_1_74' title='bbox 787 1427 873 1503; x_wconf 92' lang='lat' dir='ltr'><strong>olim,</strong></span> <span class='ocrx_word' id='word_1_75' title='bbox 911 1428 966 1488; x_wconf 90' lang='lat' dir='ltr'><strong>sed</strong></span> <span class='ocrx_word' id='word_1_76' title='bbox 1000 1446 1060 1490; x_wconf 93' lang='lat' dir='ltr'><strong>nou</strong></span> <span class='ocrx_word' id='word_1_77' title='bbox 1093 1447 1167 1490; x_wconf 92' lang='lat' dir='ltr'><strong>sane</strong></span> <span class='ocrx_word' id='word_1_78' title='bbox 1195 1447 1303 1509; x_wconf 89' lang='lat' dir='ltr'><strong>sapere</strong></span> <span class='ocrx_word' id='word_1_79' title='bbox 1332 1431 1364 1492; x_wconf 91' lang='lat' dir='ltr'><strong>in</strong></span> 
     </span>
     <span class='ocr_line' id='line_1_11' title="bbox 323 1527 1364 1608; baseline 0.004 -20"><span class='ocrx_word' id='word_1_80' title='bbox 323 1527 499 1607; x_wconf 85' lang='lat' dir='ltr'><strong>quibusdam</strong></span> <span class='ocrx_word' id='word_1_81' title='bbox 522 1527 669 1608; x_wconf 79' lang='lat' dir='ltr'><strong>frequenti</strong></span> <span class='ocrx_word' id='word_1_82' title='bbox 689 1546 811 1590; x_wconf 87' lang='lat' dir='ltr'><strong>rumore</strong></span> <span class='ocrx_word' id='word_1_83' title='bbox 832 1528 959 1591; x_wconf 88' lang='lat' dir='ltr'><strong>dicatur.</strong></span> <span class='ocrx_word' id='word_1_84' title='bbox 983 1565 1020 1578; x_wconf 92' lang='lat'>-</span> <span class='ocrx_word' id='word_1_85' title='bbox 1039 1569 1077 1582; x_wconf 86' lang='lat'>-</span> <span class='ocrx_word' id='word_1_86' title='bbox 1098 1567 1140 1579; x_wconf 90' lang='lat'><em>-</em></span> <span class='ocrx_word' id='word_1_87' title='bbox 1160 1532 1265 1592; x_wconf 86' lang='lat' dir='ltr'><strong>flatum</strong></span> <span class='ocrx_word' id='word_1_88' title='bbox 1284 1547 1364 1592; x_wconf 93' lang='lat' dir='ltr'><strong>anno</strong></span> 
     </span>
     <span class='ocr_line' id='line_1_12' title="bbox 323 1627 1363 1708; baseline 0.002 -18"><span class='ocrx_word' id='word_1_89' title='bbox 323 1631 427 1708; x_wconf 92' lang='lat' dir='ltr'><strong>Apost.</strong></span> <span class='ocrx_word' id='word_1_90' title='bbox 451 1629 547 1689; x_wconf 90' lang='lat' dir='ltr'><strong>nostri</strong></span> <span class='ocrx_word' id='word_1_91' title='bbox 581 1627 651 1690; x_wconf 72' lang='lat' dir='ltr'><strong>lll.“</strong></span> <span class='ocrx_word' id='word_1_92' title='bbox 681 1665 722 1677; x_wconf 94' lang='lat'>-</span> <span class='ocrx_word' id='word_1_93' title='bbox 750 1629 806 1691; x_wconf 89' lang='lat' dir='ltr'><strong>Hic</strong></span> <span class='ocrx_word' id='word_1_94' title='bbox 829 1637 876 1691; x_wconf 99' lang='grc' dir='ltr'><strong>εει</strong></span> <span class='ocrx_word' id='word_1_95' title='bbox 898 1647 993 1691; x_wconf 92' lang='lat' dir='ltr'><strong>annus</strong></span> <span class='ocrx_word' id='word_1_96' title='bbox 1025 1631 1195 1708; x_wconf 79' lang='lat' dir='ltr'><strong>uocullt;</strong></span> <span class='ocrx_word' id='word_1_97' title='bbox 1227 1631 1281 1692; x_wconf 88' lang='lat' dir='ltr'><strong>sed</strong></span> <span class='ocrx_word' id='word_1_98' title='bbox 1313 1632 1363 1694; x_wconf 92' lang='lat' dir='ltr'><strong>afli</strong></span> 
     </span>
     <span class='ocr_line' id='line_1_13' title="bbox 321 1729 1365 1827; baseline 0.004 -38"><span class='ocrx_word' id='word_1_99' title='bbox 321 1729 435 1805; x_wconf 81' lang='lat' dir='ltr'><strong>velunt,</strong></span> <span class='ocrx_word' id='word_1_100' title='bbox 468 1729 545 1791; x_wconf 93' lang='lat' dir='ltr'><strong>banc</strong></span> <span class='ocrx_word' id='word_1_101' title='bbox 568 1729 724 1809; x_wconf 89' lang='lat' dir='ltr'><strong>epistolam</strong></span> <span class='ocrx_word' id='word_1_102' title='bbox 747 1731 867 1792; x_wconf 88' lang='lat' dir='ltr'><strong>circiter</strong></span> <span class='ocrx_word' id='word_1_103' title='bbox 890 1747 998 1793; x_wconf 92' lang='lat' dir='ltr'><strong>anuum</strong></span> <span class='ocrx_word' id='word_1_104' title='bbox 1020 1731 1365 1827; x_wconf 29' lang='lat' dir='ltr'><strong>DCCCLthascriplam</strong></span> 
     </span>
     <span class='ocr_line' id='line_1_14' title="bbox 321 1835 457 1906; baseline -0.022 -16"><span class='ocrx_word' id='word_1_105' title='bbox 321 1835 457 1906; x_wconf 80' lang='lat' dir='ltr'><strong>csse2⁵).</strong></span> 
     </span>
    </p>

    <p class='ocr_par' dir='ltr' id='par_1_3' title="bbox 310 1928 1363 2306">
     <span class='ocr_line' id='line_1_15' title="bbox 406 1928 1363 2009; baseline 0.002 -19"><span class='ocrx_word' id='word_1_106' title='bbox 406 1929 492 2002; x_wconf 87' lang='lat' dir='ltr'><strong>Quod</strong></span> <span class='ocrx_word' id='word_1_107' title='bbox 515 1928 656 1991; x_wconf 83' lang='lat' dir='ltr'><strong>Nicotaus</strong></span> <span class='ocrx_word' id='word_1_108' title='bbox 679 1929 713 2004; x_wconf 92' lang='lat' dir='ltr'><strong>l.,</strong></span> <span class='ocrx_word' id='word_1_109' title='bbox 744 1934 948 2007; x_wconf 70' lang='lat' dir='ltr'><strong>peremere,</strong></span> <span class='ocrx_word' id='word_1_110' title='bbox 984 1931 1134 2009; x_wconf 88' lang='lat' dir='ltr'><strong>queritur,</strong></span> <span class='ocrx_word' id='word_1_111' title='bbox 1164 1931 1220 1992; x_wconf 91' lang='lat' dir='ltr'><strong>sibi</strong></span> <span class='ocrx_word' id='word_1_112' title='bbox 1248 1948 1302 1992; x_wconf 89' lang='lat' dir='ltr'><strong>eos</strong></span> <span class='ocrx_word' id='word_1_113' title='bbox 1324 1931 1363 1992; x_wconf 87' lang='lat' dir='ltr'><strong>tl-</strong></span> 
     </span>
     <span class='ocr_line' id='line_1_16' title="bbox 321 2029 1363 2111; baseline -0.002 -17"><span class='ocrx_word' id='word_1_114' title='bbox 321 2033 393 2094; x_wconf 89' lang='lat' dir='ltr'><strong>bros</strong></span> <span class='ocrx_word' id='word_1_115' title='bbox 413 2029 544 2092; x_wconf 90' lang='lat' dir='ltr'><strong>nondum</strong></span> <span class='ocrx_word' id='word_1_116' title='bbox 566 2029 676 2090; x_wconf 90' lang='lat' dir='ltr'><strong>missos</strong></span> <span class='ocrx_word' id='word_1_117' title='bbox 697 2029 800 2104; x_wconf 82' lang='lat' dir='ltr'><strong>titisse,</strong></span> <span class='ocrx_word' id='word_1_118' title='bbox 822 2029 966 2090; x_wconf 89' lang='lat' dir='ltr'><strong>incertum</strong></span> <span class='ocrx_word' id='word_1_119' title='bbox 990 2037 1046 2105; x_wconf 84' lang='lat' dir='ltr'><strong>est,</strong></span> <span class='ocrx_word' id='word_1_120' title='bbox 1066 2037 1160 2092; x_wconf 87' lang='lat' dir='ltr'><strong>utrum</strong></span> <span class='ocrx_word' id='word_1_121' title='bbox 1185 2031 1242 2092; x_wconf 92' lang='lat' dir='ltr'><strong>boc</strong></span> <span class='ocrx_word' id='word_1_122' title='bbox 1257 2038 1363 2111; x_wconf 89' lang='lat' dir='ltr'><strong>postea</strong></span> 
     </span>
     <span class='ocr_line' id='line_1_17' title="bbox 321 2129 1361 2214; baseline 0.001 -21"><span class='ocrx_word' id='word_1_123' title='bbox 321 2133 431 2193; x_wconf 91' lang='lat' dir='ltr'><strong>factum</strong></span> <span class='ocrx_word' id='word_1_124' title='bbox 451 2132 499 2206; x_wconf 88' lang='lat' dir='ltr'><strong>sit,</strong></span> <span class='ocrx_word' id='word_1_125' title='bbox 521 2147 578 2190; x_wconf 92' lang='lat' dir='ltr'><strong>nec</strong></span> <span class='ocrx_word' id='word_1_126' title='bbox 599 2148 648 2191; x_wconf 91' lang='lat' dir='ltr'><strong>ne.</strong></span> <span class='ocrx_word' id='word_1_127' title='bbox 690 2130 753 2192; x_wconf 91' lang='lat' dir='ltr'><strong>Nos</strong></span> <span class='ocrx_word' id='word_1_128' title='bbox 777 2129 895 2209; x_wconf 86' lang='lat' dir='ltr'><strong>quidem</strong></span> <span class='ocrx_word' id='word_1_129' title='bbox 919 2131 977 2192; x_wconf 89' lang='lat' dir='ltr'><strong>hae</strong></span> <span class='ocrx_word' id='word_1_130' title='bbox 1000 2131 1037 2192; x_wconf 92' lang='lat' dir='ltr'><strong>de</strong></span> <span class='ocrx_word' id='word_1_131' title='bbox 1061 2132 1187 2194; x_wconf 78' lang='lat' dir='ltr'><strong>cenibil</strong></span> <span class='ocrx_word' id='word_1_132' title='bbox 1209 2136 1361 2214; x_wconf 83' lang='lat' dir='ltr'><strong>cognitum</strong></span> 
     </span>
     <span class='ocr_line' id='line_1_18' title="bbox 310 2221 528 2306; baseline -0.028 -10"><span class='ocrx_word' id='word_1_133' title='bbox 310 2221 528 2306; x_wconf 48' lang='lat' dir='ltr'><strong>‘danamassi</strong></span> 
     </span>
    </p>

    <p class='ocr_par' dir='ltr' id='par_1_4' title="bbox 399 2327 1425 2412">
     <span class='ocr_line' id='line_1_19' title="bbox 399 2327 1425 2412; baseline 0 -19"><span class='ocrx_word' id='word_1_134' title='bbox 399 2331 575 2393; x_wconf 83' lang='lat' dir='ltr'><strong>Anastasius</strong></span> <span class='ocrx_word' id='word_1_135' title='bbox 594 2327 838 2390; x_wconf 86' lang='lat' dir='ltr'><strong>bibliothecarius</strong></span> <span class='ocrx_word' id='word_1_136' title='bbox 857 2330 1057 2410; x_wconf 88' lang='lat' dir='ltr'><strong>compluribus</strong></span> <span class='ocrx_word' id='word_1_137' title='bbox 1079 2331 1247 2412; x_wconf 82' lang='lat' dir='ltr'><strong>aunispost</strong></span> <span class='ocrx_word' id='word_1_138' title='bbox 1263 2331 1302 2393; x_wconf 91' lang='lat' dir='ltr'><strong>ila</strong></span> <span class='ocrx_word' id='word_1_139' title='bbox 1320 2331 1360 2393; x_wconf 94' lang='lat' dir='ltr'><strong>de</strong></span> <span class='ocrx_word' id='word_1_140' title='bbox 1422 2353 1425 2360; x_wconf 75' lang='grc'><strong><em>’</em></strong></span> 
     </span>
    </p>
   </div>
   <div class='ocr_carea' id='block_1_3' title="bbox 317 2429 1362 2512">
    <p class='ocr_par' dir='ltr' id='par_1_5' title="bbox 317 2429 1362 2512">
     <span class='ocr_line' id='line_1_20' title="bbox 317 2429 1362 2512; baseline -0.003 -17"><span class='ocrx_word' id='word_1_141' title='bbox 317 2433 501 2512; x_wconf 84' lang='lat' dir='ltr'><strong>Erigeniana</strong></span> <span class='ocrx_word' id='word_1_142' title='bbox 527 2431 732 2510; x_wconf 80' lang='lat' dir='ltr'><strong>Areopagitae</strong></span> <span class='ocrx_word' id='word_1_143' title='bbox 761 2429 902 2492; x_wconf 87' lang='lat' dir='ltr'><strong>versione</strong></span> <span class='ocrx_word' id='word_1_144' title='bbox 927 2431 966 2492; x_wconf 93' lang='lat' dir='ltr'><strong>ad</strong></span> <span class='ocrx_word' id='word_1_145' title='bbox 988 2431 1124 2493; x_wconf 85' lang='lat' dir='ltr'><strong>Carnium</strong></span> <span class='ocrx_word' id='word_1_146' title='bbox 1147 2431 1262 2492; x_wconf 87' lang='lat' dir='ltr'><strong>calvum</strong></span> <span class='ocrx_word' id='word_1_147' title='bbox 1282 2432 1362 2493; x_wconf 88' lang='lat' dir='ltr'><strong>seri-</strong></span> 
     </span>
    </p>
   </div>
   <div class='ocr_carea' id='block_1_4' title="bbox 317 2523 1488 2614">
    <p class='ocr_par' dir='ltr' id='par_1_6' title="bbox 317 2523 1488 2614">
     <span class='ocr_line' id='line_1_21' title="bbox 317 2523 1488 2614; baseline 0 -21"><span class='ocrx_word' id='word_1_148' title='bbox 317 2533 376 2614; x_wconf 89' lang='lat' dir='ltr'><strong>psit</strong></span> <span class='ocrx_word' id='word_1_149' title='bbox 389 2535 450 2610; x_wconf 73' lang='lat' dir='ltr'>²⁷J:</span> <span class='ocrx_word' id='word_1_150' title='bbox 490 2529 678 2609; x_wconf 86' lang='lat' dir='ltr'><strong>„Mirandum</strong></span> <span class='ocrx_word' id='word_1_151' title='bbox 702 2547 821 2610; x_wconf 91' lang='lat' dir='ltr'><strong>quoque</strong></span> <span class='ocrx_word' id='word_1_152' title='bbox 841 2537 903 2610; x_wconf 88' lang='lat' dir='ltr'><strong>est,</strong></span> <span class='ocrx_word' id='word_1_153' title='bbox 936 2531 1086 2611; x_wconf 84' lang='lat' dir='ltr'><strong>quomodo</strong></span> <span class='ocrx_word' id='word_1_154' title='bbox 1109 2531 1157 2594; x_wconf 91' lang='lat' dir='ltr'><strong>ille</strong></span> <span class='ocrx_word' id='word_1_155' title='bbox 1182 2532 1228 2593; x_wconf 93' lang='lat' dir='ltr'><strong>vir</strong></span> <span class='ocrx_word' id='word_1_156' title='bbox 1247 2531 1363 2593; x_wconf 89' lang='lat' dir='ltr'><strong>barba·</strong></span> <span class='ocrx_word' id='word_1_157' title='bbox 1487 2523 1488 2549; x_wconf 64' lang='lat'>¹</span> 
     </span>
    </p>
   </div>
   <div class='ocr_carea' id='block_1_5' title="bbox 322 2613 1358 2713">
    <p class='ocr_par' dir='ltr' id='par_1_7' title="bbox 322 2613 1358 2713">
     <span class='ocr_line' id='line_1_22' title="bbox 322 2613 1358 2713; baseline -0.003 -18"><span class='ocrx_word' id='word_1_158' title='bbox 322 2650 374 2696; x_wconf 89' lang='lat' dir='ltr'><strong>rus</strong></span> <span class='ocrx_word' id='word_1_159' title='bbox 396 2675 553 2694; x_wconf 90' lang='grc'><strong>......</strong></span> <span class='ocrx_word' id='word_1_160' title='bbox 574 2631 644 2692; x_wconf 90' lang='lat' dir='ltr'><strong>talia</strong></span> <span class='ocrx_word' id='word_1_161' title='bbox 672 2630 825 2692; x_wconf 86' lang='lat' dir='ltr'><strong>intellectu</strong></span> <span class='ocrx_word' id='word_1_162' title='bbox 856 2649 965 2710; x_wconf 90' lang='lat' dir='ltr'><strong>capere</strong></span> <span class='ocrx_word' id='word_1_163' title='bbox 994 2633 1025 2692; x_wconf 89' lang='lat' dir='ltr'><strong>in</strong></span> <span class='ocrx_word' id='word_1_164' title='bbox 1055 2613 1214 2711; x_wconf 77' lang='lat' dir='ltr'><strong>aliamque·</strong></span> <span class='ocrx_word' id='word_1_165' title='bbox 1231 2633 1358 2713; x_wconf 86' lang='lat' dir='ltr'><strong>linguam</strong></span> 
     </span>
    </p>
   </div>
   <div class='ocr_carea' id='block_1_6' title="bbox 319 2730 1363 3215">
    <p class='ocr_par' dir='ltr' id='par_1_8' title="bbox 319 2730 1363 3215">
     <span class='ocr_line' id='line_1_23' title="bbox 323 2730 1359 2812; baseline -0.005 -18"><span class='ocrx_word' id='word_1_166' title='bbox 323 2733 489 2794; x_wconf 90' lang='lat' dir='ltr'><strong>transferre</strong></span> <span class='ocrx_word' id='word_1_167' title='bbox 511 2731 646 2793; x_wconf 87' lang='lat' dir='ltr'><strong>valuerit</strong></span> <span class='ocrx_word' id='word_1_168' title='bbox 668 2775 677 2793; x_wconf 89' lang='lat'><strong>.</strong></span> <span class='ocrx_word' id='word_1_169' title='bbox 696 2776 705 2794; x_wconf 91' lang='lat'><strong>.</strong></span> <span class='ocrx_word' id='word_1_170' title='bbox 726 2768 776 2800; x_wconf 83' lang='lat'><strong>—.</strong></span> <span class='ocrx_word' id='word_1_171' title='bbox 798 2730 857 2794; x_wconf 89' lang='lat' dir='ltr'><strong>Sed</strong></span> <span class='ocrx_word' id='word_1_172' title='bbox 879 2732 937 2792; x_wconf 92' lang='lat' dir='ltr'><strong>boc</strong></span> <span class='ocrx_word' id='word_1_173' title='bbox 958 2739 1098 2812; x_wconf 88' lang='lat' dir='ltr'><strong>operatus</strong></span> <span class='ocrx_word' id='word_1_174' title='bbox 1118 2738 1166 2792; x_wconf 89' lang='lat' dir='ltr'><strong>est</strong></span> <span class='ocrx_word' id='word_1_175' title='bbox 1185 2732 1235 2793; x_wconf 89' lang='lat' dir='ltr'><strong>ille</strong></span> <span class='ocrx_word' id='word_1_176' title='bbox 1257 2730 1359 2793; x_wconf 81' lang='lat' dir='ltr'><strong>artifex</strong></span> 
     </span>
     <span class='ocr_line' id='line_1_24' title="bbox 321 2815 1361 2914; baseline -0.004 -19"><span class='ocrx_word' id='word_1_177' title='bbox 321 2833 480 2914; x_wconf 86' lang='lat' dir='ltr'><strong>spriritus,</strong></span> <span class='ocrx_word' id='word_1_178' title='bbox 516 2832 567 2912; x_wconf 89' lang='lat' dir='ltr'><strong>qni</strong></span> <span class='ocrx_word' id='word_1_179' title='bbox 595 2830 674 2894; x_wconf 90' lang='lat' dir='ltr'><strong>bunc</strong></span> <span class='ocrx_word' id='word_1_180' title='bbox 707 2831 859 2905; x_wconf 80' lang='lat' dir='ltr'><strong>ardentem</strong></span> <span class='ocrx_word' id='word_1_181' title='bbox 889 2815 1001 2912; x_wconf 81' lang='lat' dir='ltr'><strong>pariter</strong></span> <span class='ocrx_word' id='word_1_182' title='bbox 1031 2832 1251 2912; x_wconf 84' lang='lat' dir='ltr'><strong>alloquentem</strong></span> <span class='ocrx_word' id='word_1_183' title='bbox 1274 2833 1361 2906; x_wconf 89' lang='lat' dir='ltr'><strong>feeil;</strong></span> 
     </span>
     <span class='ocr_line' id='line_1_25' title="bbox 320 2933 1363 3014; baseline -0.004 -19"><span class='ocrx_word' id='word_1_184' title='bbox 320 2934 378 2996; x_wconf 88' lang='lat' dir='ltr'><strong>nisi</strong></span> <span class='ocrx_word' id='word_1_185' title='bbox 402 2935 481 2994; x_wconf 86' lang='lat' dir='ltr'><strong>enim</strong></span> <span class='ocrx_word' id='word_1_186' title='bbox 504 2949 543 2994; x_wconf 89' lang='lat' dir='ltr'><strong>ex</strong></span> <span class='ocrx_word' id='word_1_187' title='bbox 565 2933 660 3014; x_wconf 84' lang='lat' dir='ltr'><strong>gralia</strong></span> <span class='ocrx_word' id='word_1_188' title='bbox 684 2933 776 3013; x_wconf 89' lang='lat' dir='ltr'><strong>ipsius</strong></span> <span class='ocrx_word' id='word_1_189' title='bbox 798 2933 868 3013; x_wconf 87' lang='lat' dir='ltr'><strong>igue</strong></span> <span class='ocrx_word' id='word_1_190' title='bbox 890 2934 1022 2994; x_wconf 82' lang='lat' dir='ltr'><strong>caritatis</strong></span> <span class='ocrx_word' id='word_1_191' title='bbox 1044 2934 1212 3014; x_wconf 78' lang='lat' dir='ltr'><strong>flagrasset,</strong></span> <span class='ocrx_word' id='word_1_192' title='bbox 1245 2948 1363 3010; x_wconf 88' lang='lat' dir='ltr'><strong>nequa-</strong></span> 
     </span>
     <span class='ocr_line' id='line_1_26' title="bbox 319 3033 1358 3117; baseline 0 -21"><span class='ocrx_word' id='word_1_193' title='bbox 319 3052 405 3115; x_wconf 84' lang='lat' dir='ltr'><strong>quam</strong></span> <span class='ocrx_word' id='word_1_194' title='bbox 424 3033 534 3096; x_wconf 93' lang='lat' dir='ltr'><strong>donum</strong></span> <span class='ocrx_word' id='word_1_195' title='bbox 547 3033 658 3117; x_wconf 86' lang='lat' dir='ltr'><strong>linguis</strong></span> <span class='ocrx_word' id='word_1_196' title='bbox 672 3033 815 3114; x_wconf 83' lang='lat' dir='ltr'><strong>loquendi</strong></span> <span class='ocrx_word' id='word_1_197' title='bbox 827 3033 931 3113; x_wconf 85' lang='lat' dir='ltr'><strong>procul</strong></span> <span class='ocrx_word' id='word_1_198' title='bbox 948 3033 1038 3095; x_wconf 90' lang='lat' dir='ltr'><strong>dubio</strong></span> <span class='ocrx_word' id='word_1_199' title='bbox 1060 3036 1253 3114; x_wconf 83' lang='lat' dir='ltr'><strong>suscepisset.</strong></span> <span class='ocrx_word' id='word_1_200' title='bbox 1265 3078 1290 3095; x_wconf 87' lang='lat'><strong>..</strong></span> <span class='ocrx_word' id='word_1_201' title='bbox 1301 3077 1309 3094; x_wconf 90' lang='lat'><strong>.</strong></span> <span class='ocrx_word' id='word_1_202' title='bbox 1320 3066 1358 3080; x_wconf 89' lang='lat'><em>-</em></span> 
     </span>
     <span class='ocr_line' id='line_1_27' title="bbox 319 3132 1360 3215; baseline -0.005 -18"><span class='ocrx_word' id='word_1_203' title='bbox 319 3136 391 3197; x_wconf 85' lang='lat' dir='ltr'><strong>Cum</strong></span> <span class='ocrx_word' id='word_1_204' title='bbox 416 3141 496 3196; x_wconf 88' lang='lat' dir='ltr'><strong>esset</strong></span> <span class='ocrx_word' id='word_1_205' title='bbox 518 3133 636 3196; x_wconf 89' lang='lat' dir='ltr'><strong>humitis</strong></span> <span class='ocrx_word' id='word_1_206' title='bbox 658 3135 771 3215; x_wconf 89' lang='lat' dir='ltr'><strong>spiritu,</strong></span> <span class='ocrx_word' id='word_1_207' title='bbox 805 3152 866 3196; x_wconf 90' lang='lat' dir='ltr'><strong>non</strong></span> <span class='ocrx_word' id='word_1_208' title='bbox 887 3135 1094 3215; x_wconf 86' lang='lat' dir='ltr'><strong>praesumpsit,</strong></span> <span class='ocrx_word' id='word_1_209' title='bbox 1115 3135 1200 3196; x_wconf 87' lang='lat' dir='ltr'><strong>verbi</strong></span> <span class='ocrx_word' id='word_1_210' title='bbox 1221 3132 1360 3214; x_wconf 90' lang='lat' dir='ltr'><strong>proprie-</strong></span> 
     </span>
    </p>
   </div>
   <div class='ocr_carea' id='block_1_7' title="bbox 316 3231 1359 3817">
    <p class='ocr_par' dir='ltr' id='par_1_9' title="bbox 316 3231 1359 3817">
     <span class='ocr_line' id='line_1_28' title="bbox 318 3231 1359 3309; baseline -0.003 -12"><span class='ocrx_word' id='word_1_211' title='bbox 318 3242 407 3297; x_wconf 85' lang='lat' dir='ltr'><strong>tatem</strong></span> <span class='ocrx_word' id='word_1_212' title='bbox 431 3231 584 3296; x_wconf 77' lang='lat' dir='ltr'><strong>desererb.</strong></span> <span class='ocrx_word' id='word_1_213' title='bbox 609 3278 618 3296; x_wconf 90' lang='lat'><strong>.</strong></span> <span class='ocrx_word' id='word_1_214' title='bbox 641 3267 717 3308; x_wconf 84' lang='grc'><strong>.,--</strong></span> <span class='ocrx_word' id='word_1_215' title='bbox 740 3234 827 3297; x_wconf 90' lang='lat' dir='ltr'><strong>Unde</strong></span> <span class='ocrx_word' id='word_1_216' title='bbox 858 3235 1054 3309; x_wconf 88' lang='lat' dir='ltr'><strong>factumest,</strong></span> <span class='ocrx_word' id='word_1_217' title='bbox 1077 3241 1108 3296; x_wconf 91' lang='lat' dir='ltr'><strong>ut</strong></span> <span class='ocrx_word' id='word_1_218' title='bbox 1131 3241 1241 3296; x_wconf 89' lang='lat' dir='ltr'><strong>lantum</strong></span> <span class='ocrx_word' id='word_1_219' title='bbox 1263 3235 1359 3296; x_wconf 89' lang='lat' dir='ltr'><strong>virum</strong></span> 
     </span>
     <span class='ocr_line' id='line_1_29' title="bbox 318 3330 1359 3416; baseline -0.003 -20"><span class='ocrx_word' id='word_1_220' title='bbox 318 3336 508 3415; x_wconf 81' lang='lat' dir='ltr'><strong>(Dionysium</strong></span> <span class='ocrx_word' id='word_1_221' title='bbox 517 3335 745 3416; x_wconf 76' lang='lat' dir='ltr'><strong>Areopagitam)</strong></span> <span class='ocrx_word' id='word_1_222' title='bbox 761 3335 847 3395; x_wconf 82' lang='lat' dir='ltr'><strong>&#39;intra</strong></span> <span class='ocrx_word' id='word_1_223' title='bbox 871 3330 1207 3414; x_wconf 85' lang='lat' dir='ltr'><strong>cuiusdamLabyrintbi</strong></span> <span class='ocrx_word' id='word_1_224' title='bbox 1228 3331 1359 3394; x_wconf 84' lang='lat' dir='ltr'><strong>difficilia</strong></span> 
     </span>
     <span class='ocr_line' id='line_1_30' title="bbox 317 3416 1359 3515; baseline -0.003 -18"><span class='ocrx_word' id='word_1_225' title='bbox 317 3435 466 3510; x_wconf 88' lang='lat' dir='ltr'><strong>irretiret,</strong></span> <span class='ocrx_word' id='word_1_226' title='bbox 496 3441 526 3496; x_wconf 91' lang='lat' dir='ltr'><strong>el</strong></span> <span class='ocrx_word' id='word_1_227' title='bbox 552 3434 583 3495; x_wconf 91' lang='lat' dir='ltr'><strong>iu</strong></span> <span class='ocrx_word' id='word_1_228' title='bbox 605 3434 697 3496; x_wconf 91' lang='lat' dir='ltr'><strong>antris</strong></span> <span class='ocrx_word' id='word_1_229' title='bbox 717 3416 962 3515; x_wconf 80' lang='lat' dir='ltr'><strong>profundioribus</strong></span> <span class='ocrx_word' id='word_1_230' title='bbox 984 3433 1209 3496; x_wconf 89' lang='lat' dir='ltr'><strong>invisibiliorem</strong></span> <span class='ocrx_word' id='word_1_231' title='bbox 1230 3432 1359 3512; x_wconf 90' lang='lat' dir='ltr'><strong>quodam</strong></span> 
     </span>
     <span class='ocr_line' id='line_1_31' title="bbox 317 3531 1359 3616; baseline -0.005 -19"><span class='ocrx_word' id='word_1_232' title='bbox 317 3535 408 3597; x_wconf 92' lang='lat' dir='ltr'><strong>modo</strong></span> <span class='ocrx_word' id='word_1_233' title='bbox 432 3534 605 3610; x_wconf 87' lang='lat' dir='ltr'><strong>collocaret,</strong></span> <span class='ocrx_word' id='word_1_234' title='bbox 625 3541 655 3596; x_wconf 91' lang='grc' dir='ltr'><strong>ει</strong></span> <span class='ocrx_word' id='word_1_235' title='bbox 674 3551 767 3615; x_wconf 84' lang='lat' dir='ltr'><strong>quem</strong></span> <span class='ocrx_word' id='word_1_236' title='bbox 777 3537 1037 3616; x_wconf 87' lang='lat' dir='ltr'><strong>interpretaturum</strong></span> <span class='ocrx_word' id='word_1_237' title='bbox 1052 3541 1238 3614; x_wconf 87' lang='lat' dir='ltr'><strong>susceperat,</strong></span> <span class='ocrx_word' id='word_1_238' title='bbox 1259 3531 1359 3596; x_wconf 92' lang='lat' dir='ltr'><strong>adbuc</strong></span> 
     </span>
     <span class='ocr_line' id='line_1_32' title="bbox 316 3632 1358 3716; baseline -0.005 -18"><span class='ocrx_word' id='word_1_239' title='bbox 316 3634 459 3698; x_wconf 89' lang='lat' dir='ltr'><strong>redderet</strong></span> <span class='ocrx_word' id='word_1_240' title='bbox 480 3635 762 3714; x_wconf 59' lang='lat' dir='ltr'><strong>interpretandarum</strong></span> <span class='ocrx_word' id='word_1_241' title='bbox 778 3673 818 3686; x_wconf 87' lang='lat'><em>-</em></span> <span class='ocrx_word' id='word_1_242' title='bbox 848 3635 961 3698; x_wconf 83' lang='lat' dir='ltr'><strong>Eodem</strong></span> <span class='ocrx_word' id='word_1_243' title='bbox 993 3636 1082 3716; x_wconf 90' lang='lat' dir='ltr'><strong>plane</strong></span> <span class='ocrx_word' id='word_1_244' title='bbox 1111 3635 1202 3698; x_wconf 91' lang='lat' dir='ltr'><strong>modo</strong></span> <span class='ocrx_word' id='word_1_245' title='bbox 1234 3633 1271 3696; x_wconf 91' lang='lat' dir='ltr'><strong>de</strong></span> <span class='ocrx_word' id='word_1_246' title='bbox 1296 3632 1358 3714; x_wconf 78' lang='lat' dir='ltr'><strong>⁴illa</strong></span> 
     </span>
     <span class='ocr_line' id='line_1_33' title="bbox 316 3733 1356 3817; baseline -0.002 -21"><span class='ocrx_word' id='word_1_247' title='bbox 316 3736 459 3796; x_wconf 89' lang='lat' dir='ltr'><strong>versione</strong></span> <span class='ocrx_word' id='word_1_248' title='bbox 496 3733 647 3817; x_wconf 82' lang='lat' dir='ltr'><strong>Erigenae</strong></span> <span class='ocrx_word' id='word_1_249' title='bbox 689 3736 802 3800; x_wconf 91' lang='lat' dir='ltr'><strong>iudicat</strong></span> <span class='ocrx_word' id='word_1_250' title='bbox 851 3735 1024 3800; x_wconf 89' lang='lat' dir='ltr'><strong>Guiliefmus</strong></span> <span class='ocrx_word' id='word_1_251' title='bbox 1074 3733 1356 3810; x_wconf 85' lang='lat' dir='ltr'><strong>Mafmesburiensis,</strong></span> 
     </span>
    </p>
   </div>
   <div class='ocr_carea' id='block_1_8' title="bbox 314 3897 578 3921">
    <p class='ocr_par' dir='ltr' id='par_1_10' title="bbox 314 3897 578 3921">
     <span class='ocr_line' id='line_1_34' title="bbox 314 3897 578 3921; baseline 0 0"><span class='ocrx_word' id='word_1_252' title='bbox 314 3897 578 3921; x_wconf 34' lang='lat' dir='ltr'>‘&#39;——Q</span> 
     </span>
    </p>
   </div>
   <div class='ocr_carea' id='block_1_9' title="bbox 347 3983 1052 4230">
    <p class='ocr_par' dir='ltr' id='par_1_11' title="bbox 347 3983 1052 4230">
     <span class='ocr_line' id='line_1_35' title="bbox 349 3983 1052 4054; baseline -0.004 -17"><span class='ocrx_word' id='word_1_253' title='bbox 349 3988 396 4052; x_wconf 77' lang='lat'><strong>25)</strong></span> <span class='ocrx_word' id='word_1_254' title='bbox 419 3987 452 4037; x_wconf 89' lang='lat' dir='ltr'><strong>cf.</strong></span> <span class='ocrx_word' id='word_1_255' title='bbox 472 3983 684 4040; x_wconf 85' lang='lat' dir='ltr'><strong>Staudenmaier.</strong></span> <span class='ocrx_word' id='word_1_256' title='bbox 704 3988 722 4036; x_wconf 93' lang='grc' dir='ltr'><strong>Ι.</strong></span> <span class='ocrx_word' id='word_1_257' title='bbox 736 3987 752 4037; x_wconf 93' lang='lat' dir='ltr'><strong>l.</strong></span> <span class='ocrx_word' id='word_1_258' title='bbox 771 4004 797 4054; x_wconf 91' lang='lat' dir='ltr'><strong>p.</strong></span> <span class='ocrx_word' id='word_1_259' title='bbox 820 3984 878 4046; x_wconf 89' lang='grc'><strong>166,</strong></span> <span class='ocrx_word' id='word_1_260' title='bbox 898 3993 952 4036; x_wconf 89' lang='lat' dir='ltr'><strong>not.</strong></span> <span class='ocrx_word' id='word_1_261' title='bbox 975 3986 998 4034; x_wconf 91' lang='lat' dir='ltr'><strong>t.</strong></span> <span class='ocrx_word' id='word_1_262' title='bbox 1017 4014 1052 4024; x_wconf 93' lang='lat'>-</span> 
     </span>
     <span class='ocr_line' id='line_1_36' title="bbox 349 4072 929 4143; baseline 0 -20"><span class='ocrx_word' id='word_1_263' title='bbox 349 4073 396 4140; x_wconf 79' lang='lat'><strong>26)</strong></span> <span class='ocrx_word' id='word_1_264' title='bbox 415 4074 448 4123; x_wconf 85' lang='lat' dir='ltr'><strong>cf.</strong></span> <span class='ocrx_word' id='word_1_265' title='bbox 471 4072 683 4128; x_wconf 82' lang='lat' dir='ltr'><strong>Stmrdenmaiev.</strong></span> <span class='ocrx_word' id='word_1_266' title='bbox 704 4091 730 4142; x_wconf 92' lang='lat' dir='ltr'><strong>p.</strong></span> <span class='ocrx_word' id='word_1_267' title='bbox 753 4073 802 4126; x_wconf 89' lang='grc'><strong>166</strong></span> <span class='ocrx_word' id='word_1_268' title='bbox 821 4091 876 4143; x_wconf 84' lang='lat' dir='ltr'><strong>seq.</strong></span> <span class='ocrx_word' id='word_1_269' title='bbox 898 4105 929 4114; x_wconf 84' lang='lat'><em>-</em></span> 
     </span>
     <span class='ocr_line' id='line_1_37' title="bbox 347 4160 929 4230; baseline 0 -18"><span class='ocrx_word' id='word_1_270' title='bbox 347 4162 395 4228; x_wconf 82' lang='lat'><strong>27)</strong></span> <span class='ocrx_word' id='word_1_271' title='bbox 413 4164 499 4213; x_wconf 82' lang='lat' dir='ltr'><strong>Usaer.</strong></span> <span class='ocrx_word' id='word_1_272' title='bbox 520 4178 563 4230; x_wconf 82' lang='lat' dir='ltr'><strong>ep·</strong></span> <span class='ocrx_word' id='word_1_273' title='bbox 582 4162 639 4214; x_wconf 89' lang='lat' dir='ltr'><strong>bib.</strong></span> <span class='ocrx_word' id='word_1_274' title='bbox 659 4164 753 4230; x_wconf 75' lang='lat' dir='ltr'><strong>epilog.</strong></span> <span class='ocrx_word' id='word_1_275' title='bbox 773 4179 799 4230; x_wconf 90' lang='lat' dir='ltr'><strong>p.</strong></span> <span class='ocrx_word' id='word_1_276' title='bbox 819 4160 854 4222; x_wconf 79' lang='lat'><strong>45</strong></span> <span class='ocrx_word' id='word_1_277' title='bbox 873 4179 929 4230; x_wconf 83' lang='lat' dir='ltr'><strong>seq.</strong></span> 
     </span>
    </p>
   </div>
   <div class='ocr_carea' id='block_1_10' title="bbox 0 0 1512 4950">
    <p class='ocr_par' dir='ltr' id='par_1_12' title="bbox 0 0 1512 4950">
     <span class='ocr_line' id='line_1_38' title="bbox 0 0 1512 4950; baseline 0 3"><span class='ocrx_word' id='word_1_278' title='bbox 0 0 1512 4950; x_wconf 95' lang='lat' dir='ltr'><strong> </strong></span> 
     </span>
    </p>
   </div>
  </div>
 </body>
</html>
