3010 4946
319 469 359 533 96

318 651 405 714 derit.
447 646 507 708 Aut
520 641 670 724 mornado
693 645 860 720 pateretur,
875 639 939 704 lieri
961 643 992 704 in
1014 657 1049 705 se
1069 645 1258 728 verbone),
1279 649 1359 731 quod

243 739 244 742 ¹
317 754 376 815 sibi
396 743 650 810 consubstantiale
674 757 735 802 non
758 741 866 803 esset?
920 743 986 804 Non
1016 745 1095 806 enim
1116 746 1166 808 lux
1185 749 1256 812 sinit
1276 750 1304 813 in
1326 767 1361 811 se

316 840 476 928 tenebras,
498 861 557 906 nec
578 843 689 904 veritas
714 843 751 908 in
766 859 800 902 se
829 842 937 920 recipit
966 842 1169 923 figmentum.“
1198 849 1264 926 (tlt,
1294 850 1359 924 17.)

315 953 448 1013 liabetur
470 944 580 1008 deinde
605 943 671 1019 (ΙΙΙ,
697 946 741 1017 1.)
764 941 850 1016 ΙιοοεΙ
870 941 919 1021 ,ln
946 945 1085 1007 omnibus
1107 951 1208 1010 causis
1230 935 1380 1030 primur?

318 1051 443 1113 dialibus
476 1045 663 1108 uniformiter
698 1043 774 1104 haec
806 1043 911 1123 regula
934 1044 1127 1125 observatur,
1150 1050 1230 1128 quod
1250 1068 1306 1129 per
1327 1068 1362 1113 se

315 1155 396 1232 ipsas
419 1147 665 1230 participationes
687 1143 868 1222 principales
890 1150 959 1206 sunt
981 1145 1068 1208 unius
1090 1151 1221 1212 omnium
1241 1167 1363 1229 causae,

317 1269 393 1332 quac
415 1252 496 1312 Deus
522 1253 595 1308 est.“
617 1245 670 1322 (ci.
695 1244 731 1322 ll,
754 1242 821 1320 36.)
844 1245 924 1318 Quid·
943 1252 1039 1308 autem
1059 1249 1115 1313 isla
1136 1251 1361 1332 „participatio“

315 1352 438 1432 proprie
459 1349 518 1411 sibi
539 1347 619 1424 velit,
643 1345 774 1425 pluribus
801 1344 866 1422 (ΙΙΙ,
891 1344 938 1422 3.)
968 1347 1006 1408 ab
1028 1347 1160 1430 Erigone
1182 1353 1359 1432 explicatur,

315 1469 440 1533 quorum
465 1467 608 1512 summam
629 1445 671 1508 ita
691 1447 873 1525 propositam
895 1447 1062 1518 invenimus
1069 1477 1081 1533 3
1104 1450 1197 1529 ,Hinc
1219 1453 1361 1515 facillime

317 1554 403 1615 datur
426 1549 562 1630 intelligi,
583 1536 656 1611 nihil
679 1545 758 1608 aliud
780 1549 855 1616 esse,
870 1549 1138 1628 participationem,
1161 1553 1279 1614 nisiex
1304 1571 1362 1614 su-

285 1723 287 1726 ,
314 1652 427 1734 periuri
450 1649 584 1712 essentia
606 1647 760 1712 secundae
785 1653 852 1726 post
874 1665 941 1712 eam
965 1652 1116 1713 essentiae
1131 1651 1360 1715 derivationem.

399 1751 442 1813 lta
472 1751 563 1832 igitur
591 1765 703 1810 causae
732 1747 944 1827 primordiales
973 1753 1214 1832 unius-omnium
1238 1771 1360 1831 causae,

315 1869 393 1933 quae
423 1853 505 1914 Deus
526 1855 592 1928 est,
612 1855 681 1912 sunt
697 1849 952 1929 participationes,
970 1857 1001 1912 ut
1022 1869 1142 1928 „earum
1165 1855 1297 1918 essentia
1311 1872 1361 1938 'ex

315 1955 403 2016 huius
423 1954 558 2014 essentia
581 1951 620 2012 sit
651 1949 817 2012 derivatass·
836 1949 864 2012 ΙΙ.
886 1967 914 2012 e.
937 1957 1092 2032 ,tanquam
1115 1967 1192 2035 aqua
1214 1973 1253 2018 ex
1276 1955 1361 2017 sonte
1391 2001 1394 2006 a
1494 1923 1495 2016 Ι

205 2129 207 2132 ,
315 2053 506 2136 profluxerit‘
529 2050 585 2127 (cf.
609 2048 656 2129 ΙΙΙ,
675 2049 795 2128 3-5.)
817 2089 860 2100 -

777 2211 806 2279 p.
838 2201 887 2263 30.

311 2307 318 2320 ⁴
396 2321 501 2400 Neque
524 2325 622 2381 tamen
636 2319 696 2382 hoc
708 2318 777 2380 loco
791 2319 1010 2399 praetereunda
1029 2319 1147 2382 videtur
1168 2320 1216 2383 illa
1229 2321 1359 2400 Seniue-

263 2481 265 2490 ,
314 2423 371 2506 teri
393 2423 566 2502 opini022),
587 2419 675 2500 plane
699 2437 818 2481 errasse
844 2418 864 2479 Ι.
899 2418 1166 2497 Goerrcsinm²iJ,
1196 2438 1284 2500 quum
1316 2423 1359 2483 ita

315 2524 480 2599 scriberet,
513 2521 655 2584 Naturam
688 2517 819 2584 creatam
843 2527 1004 2600 creantem,
1027 2538 1114 2600 quam
1137 2523 1268 2611 Erigena
1293 2527 1359 2584 sta·

315 2629 398 2698 tuat,
431 2639 501 2683 esse
531 2621 620 2682 lilium
659 2621 709 2682 dei
732 2621 928 2702 unigenitum.
972 2621 1102 2702 Uterque
1125 2640 1229 2684 errore
1253 2623 1358 2684 ductus

316 2730 376 2784 est:
407 2723 599 2784 Schlueterus
630 2721 778 2798 maiore,·
799 2739 886 2800 quam
918 2720 1107 2790 GoerresiuS.
1163 2724 1237 2784 Nam
1274 2719 1356 2785 Scoti

214 2843 216 2846 ’
316 2825 465 2886 sententia
490 2822 567 2884 haec
589 2828 645 2884 est.
688 2822 770 2883 Deus
783 2828 869 2901 pater
886 2839 980 2902 usque
1002 2823 1039 2884 ab
1063 2825 1240 2886 aeternitate
1253 2822 1356 2904 genuit

243 2955 246 2960 ·
316 2925 374 2995 sibi
395 2923 484 2985 filium
507 2940 591 2984 suurn
615 2921 799 3002 unigenitum
815 2925 871 2994 (cf.
895 2941 958 3002 sup.
981 2931 1008 2998 §.
1035 2926 1108 2996 rt).
1131 2922 1247 2984 Deinde
1262 2926 1357 3002 pater,

315 3027 386 3086 item
406 3041 501 3104 usque
529 3023 566 3085 ab
596 3025 791 3100 aeternitate,
820 3027 850 3085 in
881 3024 940 3085 hoc
963 3024 1022 3085 filio
1047 3041 1102 3084 suo
1125 3024 1239 3085 creavit
1260 3021 1305 3098 (Ιι.
1328 3038 1356 3083 e.

316 3143 356 3186 ex
378 3125 542 3187 substantia
573 3141 627 3186 sua
659 3123 894 3186 substantialiter
924 3124 1036 3200 emisit)
1061 3125 1149 3186 totius
1167 3140 1264 3185 rerum
1287 3121 1359 3183 uni-

317 3227 468 3287 versitatis
500 3241 607 3286 causas
641 3223 870 3304 primordiales,
898 3224 1033 3304 exempla
1058 3222 1252 3304 principata,
1280 3236 1358 3302 quae

317 3325 451 3387 eiusdem
472 3322 559 3402 plane
584 3340 649 3383 cum
670 3322 729 3384 filio
752 3322 936 3385 substantiae
960 3331 1044 3400 sunt,
1066 3340 1250 3405 quorumque
1271 3339 1359 3384 com-

317 3424 417 3503 plexio
454 3423 594 3485 Naturam
630 3411 723 3484 elficit
757 3430 888 3484 creatam
922 3431 1075 3486 creantem
1107 3428 1150 3498 (N.
1181 3421 1357 3506 23-99..).

317 3522 419 3602 ltaque
451 3523 561 3584 Natura
595 3529 697 3583 creata
717 3537 843 3601 creanS,
875 3523 1043 3586 universale
1065 3523 1150 3603 quasi
1168 3525 1259 3586 totius
1283 3539 1360 3584 con-

320 3619 437 3684 dendae
460 3622 663 3683 universitatis
685 3622 851 3702 exemplum
863 3623 1036 3706 principale,
1049 3641 1110 3686 non
1132 3623 1278 3688 salumin
1299 3620 1359 3682 lilio

420 4107 453 4160 cf.
473 4123 499 4173 p.
519 4105 614 4154 XVlll.
632 4121 688 4173 seq.
706 4135 740 4144 -·

403 4192 450 4266 ,⁰s·
470 4191 578 4244 Christi.
598 4191 709 4258 tttystit,
730 4191 782 4245 vol.
804 4193 824 4253 1,
843 4209 869 4260 p.
886 4185 1033 4243 243-244.
1056 4215 1089 4232 ·-
