3010 4946
327 487 368 552 86

324 671 521 749 nium,quae
544 675 632 743 sunt,
655 674 817 731 eausa“-
847 687 990 749 „quorum
1013 673 1086 735 deus
1110 683 1201 736 causa
1226 683 1364 754 nonest,

324 787 362 848 ea
384 771 556 832 nescit“-
578 787 704 848 „rerum
741 788 823 850 quae
848 778 934 850 sunt,
970 775 1121 856 οοΙΙΙΙΙΙΙοΙ
1156 777 1363 850 (videlicetin

323 870 399 948 deo]
424 877 487 949 „est
518 870 667 932 veraciter
696 888 746 932 res
767 889 849 945 eae,
876 890 952 950 quae
975 863 1070 935 suntji‘
1093 913 1133 924 -
1159 877 1210 954 (ll,
1233 877 1282 953 90,
1304 877 1363 952 98;

323 971 358 1049 V,
378 973 436 1050 27;
458 970 507 1049 ΙΙΙ,
528 973 559 1055 ll.
612 972 730 1034 Deinde
755 970 795 1062 ci.
819 973 914 1034 eiusd.
941 973 978 1035 de
999 976 1102 1055 praed.
1125 994 1189 1057 sup.
1210 994 1274 1058 cap.
1297 977 1364 1054 ΙΙΙ.)

783 1111 813 1181 §-
848 1105 896 1174 16.

405 1221 494 1299 „Cum
515 1219 593 1283 nulla
613 1222 768 1302 ¹categoria
791 1223 913 1302 proprie
936 1223 974 1284 cle
997 1222 1055 1284 deo
1075 1210 1277 1303 praedicatur,
1302 1231 1363 1288 tum

323 1339 420 1402 neque
453 1337 532 1382 nona
566 1323 595 1382 in
619 1338 684 1381 anm
705 1319 805 1400 eadit,
826 1319 985 1404 πράττειν.
1029 1325 1145 1385 Dicitur
1168 1333 1266 1386 autem
1287 1310 1364 1388 'deus

325 1409 475 1484 creasse.⁴
499 1421 560 1486 Se'd
590 1429 696 1488 creare
727 1429 758 1483 et
779 1439 848 1483 esse
872 1423 902 1483 in
936 1423 994 1485 deo
1025 1441 1112 1486 unum
1134 1423 1274 1505 idemque
1294 1433 1364 1488 sunt

322 1521 470 1584 habenda.
514 1522 594 1584 Deus
617 1540 678 1583 non
701 1528 778 1599 erat,
798 1525 949 1602 priusqum
974 1526 1074 1586 omnia
1095 1525 1218 1590 laceret.
1262 1525 1365 1587 Coae-

323 1630 438 1684 ternum
460 1629 506 1684 est
527 1623 585 1684 deo
606 1641 690 1684 suum
714 1622 816 1684 lacere
838 1630 868 1685 et
891 1624 1099 1686 coessentiale.
1131 1626 1212 1687 Deus
1234 1633 1362 1687 etsuum

322 1722 476 1794 faeerelr.
498 1740 526 1784 e.
556 1741 610 1784 sua
642 1725 721 1785 actio
753 1729 824 1800 sunt
851 1742 940 1786 unum
962 1725 1088 1806 simplex
1109 1732 1144 1786 et«
1160 1726 1362 1788 individuumz

322 1841 390 1886 nam
412 1806 502 1900 dens,
534 1827 583 1904 qui
604 1830 651 1886 est
669 1825 912 1901 innumerabilis,
941 1842 1095 1914 numerum
1115 1826 1146 1886 in
1167 1844 1201 1887 se
1223 1845 1283 1888 non
1308 1845 1363 1889 re-

322 1925 401 2006 cipit
423 1963 463 1978 -
486 1924 557 1987 Curn
581 1942 655 2004 ergo
678 1926 822 2000 audimus,
845 1924 931 1986 deum
953 1926 1053 1986 omnia
1075 1926 1199 2004 lacere,
1219 1928 1260 1989 nil
1281 1927 1362 1990 aliud

323 2024 469 2112 dehemus
490 2022 672 2103 intellige-re,
690 2023 908 2104 quamdeum
901 2001 932 2084 ΙΙΙ
953 2024 1089 2085 omnibus
1111 2025 1231 2086 esselr.
1257 2044 1283 2088 e.
1308 2043 1362 2087 es

321 2107 447 2196 sentiam
483 2125 613 2186 omnium
634 2124 807 2184 subsistere.
862 2123 929 2204 lpse
952 2127 1032 2185 enim
1055 2123 1138 2186 solus
1159 2143 1267 2206 perse
1288 2144 1363 2188 vere

323 2231 381 2298 est,
401 2231 564 2300 etomne,
596 2223 677 2304 quod
711 2240 790 2285 rere
820 2224 850 2284 in
870 2223 935 2300 liis,
956 2242 1033 2303 quae
1055 2231 1132 2303 sunt,
1155 2225 1263 2288 dicitur
1283 2243 1363 2304 esse,

323 2325 389 2403 ipse
410 2323 491 2388 solus
514 2330 580 2394 est„
613 2322 690 2384 Nilril
705 2324 784 2384 enirn
804 2341 917 2400 eorum,
940 2332 1116 2410 quaesunt,
1135 2344 1189 2404 per
1210 2343 1244 2388 se
1266 2327 1362 2405 ipsum

322 2443 398 2486 nere
421 2429 483 2500 cst3
517 2424 714 2505 quodcunque
738 2430 835 2486 autern
848 2425 892 2485 in
915 2442 952 2486 eo
973 2443 1046 2486 vere
1066 2426 1247 2508 intelligitur,
1266 2428 1362 2508 parti-

323 2525 475 2604 cipatione
509 2525 602 2602 ipsius
638 2525 743 2603 unius,
776 2527 827 2606 qui
846 2525 929 2587 solus
952 2543 1007 2606 per
1032 2545 1066 2588 se
1087 2527 1183 2608 ipsum
1205 2534 1267 2606 est,
1289 2544 1362 2590 vere

323 2634 424 2704 (esse)
447 2625 581 2705 accipit“.
604 2661 644 2674 -
661 2625 705 2704 Δ(Ι,
728 2628 795 2704 74.)

789 2770 818 2838 p.
847 2759 894 2826 rr.

405 2864 503 2954 Atque
526 2873 608 2935 hic'
599 2867 664 2954 lpse
687 2875 770 2938 Scoti
795 2875 880 2938 locus
900 2874 1142 2956 percommodum
1166 2871 1254 2934 nobis
1274 2876 1361 2930 tran-

324 2975 411 3038 situm
439 2982 525 3053 parat
558 2974 596 3036 ad
624 2975 712 3038 uliam
746 2975 894 3057 quandam
931 2977 968 3037 de
995 2973 1139 3088 creatrice
1162 2973 1226 3034 eius
1249 2969 1360 3032 Natura

318 3057 560 3154 'disputationem

318 3173 321 3182 ⁴
406 3175 452 3236 llil
486 3177 576 3258 igitur
609 3175 669 3258 hoe
688 3149 757 3239 loeo
780 3173 900 3236 ridetur
920 3173 1067 3256 apertius!
1090 3209 1129 3222 -
1153 3171 1271 3233 Oculis·
1266 3171 1362 3232 -eerni

319 3257 373 3336 (ΙΙΙ
356 3279 436 3337 neris
469 3276 649 3340 horrentium
670 3277 848 3357 pantheismi
870 3274 1048 3341 monstrum!
1078 3270 1236 3352 Expressis
1260 3270 1361 3332 verbis

323 3377 464 3458 scripturn
498 3385 559 3455 est,
594 3377 770 3439 creatricem
801 3375 960 3453 Naturam,
990 3391 1077 3454 quarn
1108 3372 1195 3432 deum
1219 3370 1362 3451 appellapi

324 3461 529 3555 diximnspita
553 3493 622 3538 esse
643 3478 675 3538 in
698 3475 834 3538 omnibns
855 3473 957 3554 rebus,
980 3491 1054 3553 quas
1079 3473 1160 3548 lecit,
1183 3477 1215 3534 ut
1235 3490 1272 3533 ea
1295 3473 1360 3550 ipsa

323 3573 362 3638 sit
398 3578 464 3638 sola
496 3593 533 3637 ae
564 3554 651 3654 vera*
678 3575 782 3635 harum
811 3591 910 3635 rernm
944 3574 1085 3634 essentia.
1132 3573 1232 3653 Atque
1254 3571 1361 3632 eadem

277 3689 283 3705 ²
323 3689 446 3757 prorsus
482 3677 599 3737 ratione
633 3673 795 3752 Erigonam
826 3674 1000 3752 saepissime
1032 3673 1191 3736 loentum
1184 3673 1359 3734 invenimus.

274 3755 282 3764 ’
321 3777 436 3838 Velut
428 3793 458 3838 ΙΙΙ
486 3779 581 3856 primo
616 3774 653 3835 de
687 3780 747 3835 nat.
781 3781 863 3855 (cap.
885 3773 994 3854 73).,
995 3775 1101 3850 Fieriss,
1123 3776 1227 3857 inquit,
1249 3772 1362 3850 „aesti-

323 3883 419 3938 matur
441 3875 545 3936 deus
537 3893 567 3937 m
589 3877 733 3938 creaturis
756 3875 819 3938 suis
840 3877 1057 3957 universaliter,
1088 3877 1188 3938 dnm
1179 3892 1209 3936 ΙΙΙ
1233 3873 1277 3933 eis
1299 3889 1361 3934 non

323 3978 418 4040 solnm
451 3975 625 4058 intelligitur
646 3995 737 4058 esse,
757 3979 824 4040 sine
845 3996 904 4058 quo
925 3997 994 4042 esse
1015 3997 1077 4040 non
1096 3981 1231 4058 possunt,
1252 3973 1307 4034 sed
1331 3979 1361 4034 et

326 4093 430 4140 eorum
465 4079 596 4140 essentia
616 4079 680 4141 sitit
703 4115 743 4127 -
767 4078 805 4141 Et
824 4079 936 4142 ibidem
960 4091 1043 4158 (cap.
1066 4085 1131 4146 3³:
1152 4077 1251 4156 „Deus
1273 4091 1361 4134 narn·

323 4198 381 4258 qne
403 4181 533 4270 omnium
556 4183 687 4246 essentia
705 4187 769 4262 est,
803 4182 853 4262 qui
874 4183 957 4246 solus
978 4196 1051 4242 vere
1074 4184 1147 4244 est‘.
1175 4177 1281 4260 Neque
1300 4195 1362 4240 non
