3014 4950
1143 473 1196 540 61'

140 656 199 712 tam
222 655 310 729 atque
332 651 360 710 in
384 649 490 732 vulgus
515 657 615 714 nutam
640 667 710 713 esse
731 658 937 732 constat¹⁰¹);
958 665 1138 739 quapropter
1159 661 1186 724 si

140 767 206 812 eam
218 750 357 812 hocloco
372 751 522 832 explicare
537 752 669 830 velimus,
694 759 759 814 acta
777 760 885 816 tantum
900 773 993 836 agere
1003 759 1168 824 videamur.

221 848 278 910 llic
310 857 407 912 autem
441 851 598 915 dillrcultas
621 851 767 931 quaedam
788 855 875 916 nonis
896 859 1037 919 occurrit.
1080 859 1125 920 Ex
1147 863 1185 923 iis

140 949 230 1026 anim,
260 950 366 1028 quilius
387 951 424 1012 ab
447 951 619 1013 Adrcvaldo
641 958 672 1012 et
693 952 852 1016 Hincmaru
875 955 997 1020 Scotum
1019 961 1115 1021 notari
1137 961 1187 1023 di-

138 1049 247 1126 ximus,
271 1057 404 1134 apparet,
425 1055 527 1113 ieram
552 1052 646 1130 ipsum
669 1070 706 1114 ac
727 1053 850 1132 realem,
874 1073 961 1134 quam
979 1065 1098 1136 vocant,
1118 1059 1188 1122 lesu

140 1150 250 1212 Christi
269 1152 298 1212 in
320 1168 344 1212 s.
366 1151 553 1214 E'ucharistia
581 1153 780 1232 praesentiam
814 1156 943 1227 omnino·
969 1175 1111 1238 negasse.
1154 1160 1186 1221 ld

140 1262 224 1325 vero,
247 1269 335 1330 quum
356 1269 414 1312 nce
436 1251 637 1334 Berengarius
661 1270 751 1316 ausus
771 1255 810 1318 sit
830 1255 962 1333 docere,
995 1275 1053 1318 nec
1086 1278 1103 1321 a
1126 1260 1187 1322 Be-

139 1352 273 1432 rengarii
294 1351 476 1414 adversariis
498 1352 528 1414 in
549 1353 640 1416 Scuto
669 1353 816 1434 culpatum
850 1357 1038 1434 inveniatur,
1071 1357 1101 1421 in
1136 1360 1187 1421 illo

142 1453 234 1532 ipsius
257 1452 346 1530 libro,
377 1470 464 1532 quem
484 1453 684 1536 Berengarius
708 1455 820 1532 habuit,
848 1464 950 1529 nostra
973 1459 1091 1539 quidem
1114 1478 1190 1523 sen-

143 1554 244 1629 tentia,
267 1559 417 1632 repertum
441 1571 502 1617 non
527 1561 582 1618 est.
625 1555 691 1618 Non
718 1561 816 1617 tamen
839 1557 869 1620 in
889 1559 980 1620 Scato
1003 1559 1062 1622 huc
1083 1563 1188 1624 mirum

100 1689 102 1698 ι
145 1652 268 1718 uidetur.
311 1654 436 1735 Saepius
469 1656 547 1717 enim
569 1655 716 1717 frontibus
739 1655 876 1719 adversis
898 1675 1002 1722 secum
1026 1663 1190 1743 pugnantia

148 1755 389 1835 compositum).
409 1791 452 1802 -

225 1855 329 1934 Neque
362 1855 468 1933 deest,
504 1871 597 1934 quare
627 1843 828 1918 Adrevaldum
861 1865 891 1919 et
913 1859 1104 1924 llincmarum
1126 1879 1189 1926 non

145 1954 217 2022 nihil
241 1961 362 2016 secutus
386 1972 454 2017 csse
485 1953 605 2016 dixeris.
649 1955 703 2016 Est
734 1958 814 2018 enim
841 1958 919 2020 inter
940 1961 1022 2024 Scoti
1044 1965 1191 2042 carmina,

146 2072 222 2134 quae
242 2050 433 2116 Schlueterus
462 2072 500 2114 ex
534 2053 732 2133 palimpsestis
760 2057 869 2138 Angeli
898 2060 968 2122 llaii
1001 2081 1018 2124 a
1050 2081 1084 2124 se
1110 2064 1191 2128 edita

145 2154 259 2231 scribit,
287 2157 457 2232 unum1⁰³)‚
488 2153 566 2233 quod
589 2171 649 2214 non
663 2139 803 2250 ¹dliscure
825 2157 912 2220 istum
934 2177 1068 2224 errorem
1093 2165 1191 2244 signi.

147 2253 227 2315 licat.
262 2255 419 2334 Descripta
440 2253 585 2333 paschate
608 2252 818 2337 lsraelitarum,
841 2277 924 2321 mare
945 2260 1067 2324 rubrum
1089 2270 1191 2326 trans-

146 2356 284 2428 euntium,
307 2357 348 2417 ita
371 2355 485 2435 pergit:
784 2346 786 2350 ’

140 2531 145 2535 ι
226 2455 326 2534 ,llaec
347 2454 495 2533 quondam
519 2454 637 2514 suerent
659 2455 776 2517 venturi
796 2454 976 2534 ἰνδάλματα
1000 2459 1122 2543 Christi,

289 2555 323 2616 ln
345 2573 403 2634 quo
427 2554 584 2629 collucent,
601 2561 682 2634 'quae
707 2551 821 2626 latuere
846 2555 905 2619 diu.

226 2655 283 2728 Oui
305 2654 386 2716 solus
409 2655 507 2716 victor
528 2660 679 2732 prostrato
701 2655 835 2734 principe
856 2655 958 2720 mundi

286 2754 450 2816 Transaeto
473 2752 570 2814 triduo
593 2753 709 2832 prosilit
733 2773 772 2816 ex
792 2755 905 2829 Erebo,

226 2857 273 2918 Ac
295 2858 405 2935 primus
431 2853 552 2916 calcans
573 2861 700 2916 mortem
725 2857 862 2921 transivit
882 2857 914 2918 in
935 2857 1006 2933 alta,

289 2955 377 3018 Solus
400 2973 468 3017 nam
488 2953 564 3017 liber
584 2955 704 3018 nurnine
728 2961 870 3018 tartareo.

226 3057 385 3137 Sanguinis
408 3061 437 3116 et
457 3056 568 3135 proprii
590 3054 716 3116 lundens
741 3056 879 3118 libamina
901 3075 974 3137 pura

291 3156 400 3218 llundo
424 3155 538 3217 salvate
563 3155 676 3235 pascha
698 3173 808 3218 novum
830 3156 959 3220 dedicat.

228 3259 340 3338 Sponte
362 3274 415 3318 sua
437 3256 574 3317 dominus
597 3273 632 3316 se
656 3261 768 3316 mactat
790 3256 854 3335 ipse
878 3257 1034 3336 sacerdos,

289 3358 373 3430 Quae
395 3357 469 3436 patri
490 3355 614 3435 placens
634 3355 732 3417 hostia
755 3355 820 3417 sola
845 3356 910 3437 tuit,

230 3455 345 3533 Hostia,
367 3474 444 3536 quac
467 3463 559 3518 totum
580 3457 718 3540 purgavit
738 3455 862 3516 crimine
883 3455 1034 3533 mundum,

289 3555 440 3635 llundum,
462 3574 549 3637 quem
571 3556 665 3636 potuit
683 3554 812 3635 perdere
833 3555 943 3636 primus
964 3555 1064 3618 homo.

227 3652 274 3715 llx
294 3670 353 3714 uno
374 3655 497 3716 veniens
522 3673 603 3717 mors
626 3659 671 3716 est
692 3653 815 3734 expulsa
834 3673 890 3734 per
908 3673 1015 3733 unum3
1065 3727 1073 3746 ι

288 3753 384 3817 llorte
408 3752 487 3817 bona
508 3756 587 3817 vitae
607 3771 688 3818 mors
707 3753 784 3816 mala
806 3755 885 3818 victa
906 3755 991 3835 perit.

144 3901 469 3921 Ἢ

166 4003 229 4070 101)
250 4007 284 4056 cs.
306 4007 399 4057 Rittar.
420 4004 439 4053 l.
457 4019 479 4052 c.
498 4000 558 4052 vot.
576 4005 611 4055 ll.
630 4022 660 4073 pr
673 4005 724 4056 211
748 4019 805 4074 seq.

167 4089 230 4157 102)
251 4093 284 4142 cf.
304 4093 375 4143 Scoti
395 4091 441 4142 lib.
459 4087 492 4140 da
515 4087 567 4139 div.
587 4098 643 4142 nal.

169 4176 232 4244 103)
250 4177 284 4228 cl.
305 4178 423 4232 Schluet.
442 4194 521 4230 carm.
539 4175 585 4229 111.
604 4175 637 4228 de
655 4175 794 4229 Paschata.
