3010 4946
603 708 633 776 §.
659 699 706 763 tt.

222 817 341 896 „DeuS‚
375 816 454 898 quod
476 817 533 898 ipsi
554 819 720 898 oppositunr
742 815 799 898 sit,
820 833 881 880 non
903 813 1036 898 hubett').
1081 820 1175 893 Quum

139 934 213 980 vero
233 918 384 979 essentiae
406 923 572 998 opponatur
592 917 683 998 nibil,
705 919 829 982 bonitati
853 926 952 982 autern
975 919 1085 982 malitia
1108 926 1177 998 ete,

140 1018 214 1080 deus
235 1036 296 1079 non
321 1023 367 1080 est
387 1019 527 1097 essentia,
550 1018 667 1081 bonitas
696 1027 764 1099 etc,
785 1019 839 1083 sed
862 1020 936 1099 plus,
958 1036 1045 1100 quarn
1068 1037 1178 1082 essen-

139 1119 180 1181 tia
216 1118 547 1197 (superessentialis),
569 1118 652 1197 ptuS‚
685 1117 772 1200 quam
802 1120 919 1182 bonitas
940 1119 1177 1199 (superbonus)

140 1225 198 1283 etc.
221 1260 262 1271 -
285 1219 406 1295 Omnia,
428 1235 505 1298 quae
526 1217 652 1282 adiectis
673 1219 823 1299 particulis
843 1236 954 1298 snper,
992 1220 1180 1299 plus-quani

141 1319 179 1382 de
202 1319 260 1382 deo
283 1319 507 1398 praedicuntur,
531 1318 605 1382 duas
626 1319 692 1382 illas
715 1319 884 1401 theologias
907 1319 1177 1399 comprehendunt:

141 1422 172 1482 in
205 1406 454 1500 pronunciatione
495 1424 541 1481 εει
568 1419 932 1506 Γοιηιε·καταφατικῆς,
961 1421 992 1484 in
1027 1420 1180 1484 intellectu

141 1527 237 1583 autern
258 1521 455 1604 ἀποφατικῆς
477 1523 580 1584 virtus.
605 1521 643 1600 (l,
669 1520 732 1599 16.)

606 1646 637 1716 §-
662 1642 710 1702 15.

225 1753 325 1832 „Patet
358 1754 447 1834 igitur
477 1755 594 1830 exiis,
630 1771 706 1837 quae
728 1769 817 1835 supra
848 1755 1072 1834 proposuimus,
1092 1755 1180 1817 denrn

142 1854 290 1916 humanae
314 1857 422 1916 mentis
445 1855 510 1916 acie
531 1871 655 1934 prorsus
676 1853 741 1916 iere
763 1871 831 1915 esse
854 1850 1051 1916 inaccessum.
1072 1853 1182 1917 Verum

141 1953 207 2035 ipse
235 1962 330 2016 semet
362 1955 456 2034 ipsum
490 1955 656 2035 cognoscit.
700 1953 754 2016 Est
786 1953 904 2035 quidem
928 1955 1049 2015 omnino
1073 1954 1181 2016 dicen-⁶

145 2054 232 2116 durn:
256 2055 391 2134 „nescire
415 2055 521 2131 deum,
544 2071 578 2116 se
601 2051 670 2134 quid
691 2061 799 2131 esse“‚
821 2054 926 2133 „deum
947 2069 1009 2115 non
1031 2055 1062 2115 in
1083 2055 1181 2135 aliquo

145 2171 179 2216 se
216 2160 420 2235 εοςηοεεειέ(ι
444 2160 475 2215 ει
509 2171 586 2235 quae
618 2160 685 2216 sunt
717 2155 841 2236 generis
870 2152 1024 2231 ciusdem,
1055 2161 1086 2216 at
1105 2155 1183 2216 baec

147 2259 195 2314 εει
214 2272 285 2315 vera
309 2255 399 2317 virtus
422 2252 521 2331 illius,
542 2273 619 2334 quae
641 2257 671 2316 in
694 2253 751 2315 deo
774 2261 830 2332 est,
853 2255 1061 2335 cognoscendi
1085 2255 1183 2316 lacul-

147 2353 225 2415 tatis.
267 2353 383 2416 Revera
406 2354 485 2416 eninr
517 2353 590 2416 deus
612 2371 673 2417 non
697 2361 743 2415 est
766 2355 855 2434 quill,
877 2371 937 2414 non
961 2355 1057 2414 estin
1082 2353 1181 2433 atiquo

144 2453 173 2515 h.
199 2471 226 2514 e.
249 2461 377 2517 nonest
408 2461 521 2516 certum
547 2454 668 2536 aliquid,
704 2471 765 2516 non
789 2454 915 2516 babetur
935 2459 966 2516 et
987 2456 1182 2517 circumscri-

143 2553 221 2616 bitur
245 2557 275 2616 in
298 2552 397 2634 aliquo
421 2591 462 2606 -
485 2572 610 2633 eorum,
645 2573 721 2634 quae
744 2561 813 2617 sunt
843 2563 872 2617 ει
894 2573 993 2616 rerurn
1014 2562 1182 2619 creaturum

144 2671 267 2717 nurnero
293 2655 612 2735 cornprebendunlur.“
634 2655 686 2735 (ll,
708 2653 859 2732 uu-ub.)

223 2756 275 2820 Sin
305 2774 378 2818 vero
408 2757 590 2837 quaesieris,
624 2775 680 2836 qua
703 2758 821 2819 ratione
845 2755 938 2834 deus,
960 2774 1036 2838 quae
1061 2773 1182 2838 cogno·
1291 2761 1294 2768 “

144 2857 218 2934 εείι,
242 2873 431 2937 cognoscere
454 2857 618 2918 existimari
641 2857 768 2933 debeat,
803 2856 1052 2936 respondebitur:
1084 2855 1183 2936 „quod

144 2973 201 3018 nec
216 2957 369 3019 sensibilia
390 2975 445 3036 per
464 2973 601 3032 sensum,
621 2973 678 3018 nec
700 2955 896 3038 intelligibilia
917 2955 1185 3035 perinlclleclurn,

144 3074 201 3117 nec
227 3056 380 3120 sensibilia
412 3075 468 3137 per
496 3056 696 3134 intellectura,
726 3073 786 3118 nec
817 3047 1013 3136 intelligibilia
1034 3072 1088 3135 per
1108 3071 1183 3115 scu-

146 3175 233 3235 surn,
268 3156 324 3219 scd
357 3159 457 3218 omnia
480 3159 573 3218 in-
596 3157 729 3220 aeternis
763 3156 825 3218 suis
859 3157 1023 3220 rationibus
1047 3160 1183 3216 contem-

145 3255 266 3335 platur.“
286 3292 328 3304 -
349 3255 500 3332 (Prooem.
524 3256 564 3318 ad
586 3257 741 3336 interpret.
762 3238 870 3317 Arnbb.
892 3272 916 3318 s.
939 3255 1017 3318 Max.
1040 3251 1182 3335 apGale.

145 3373 210 3434 app.
231 3373 260 3436 p.
286 3355 348 3434 tv.;
381 3355 418 3418 de
449 3356 508 3418 div.
541 3361 601 3419 nal.
621 3355 658 3436 ll,
681 3356 730 3435 20,
754 3357 810 3433 983
842 3355 876 3433 V,
907 3355 973 3440 97.)
1015 3355 1184 3434 „Aeternae

142 3453 212 3515 illac
236 3456 386 3518 εειίοηεεα
417 3462 486 3517 sunt
518 3455 640 3535 „sceau
660 3494 713 3538 -,
734 3473 809 3540 quas
830 3462 958 3522 vocant:
982 3457 1112 3517 omnium
1132 3471 1183 3516 re·

59 3583 64 3590 ·
144 3573 225 3632 rurn,
254 3573 329 3636 ptrue
365 3557 439 3633 deus
479 3564 543 3620 erat
573 3557 706 3622 facturus
744 3556 942 3638 „exemplaria
982 3553 1183 3636 principalia.“
1272 3627 1275 3634 ,

143 3656 207 3716 ttae
226 3663 295 3718 sunl
319 3676 418 3720 rerum
441 3662 550 3720 tantum
571 3659 818 3738 substantialium,
838 3665 868 3722 el
886 3660 970 3740 ipsae
991 3672 1109 3736 quoque
1132 3669 1184 3716 res

142 3757 363 3820 substantiales.
388 3757 439 3842 (cf.
463 3759 515 3820 inf.
539 3768 565 3834 ε.
589 3760 671 3824 23-
692 3759 810 3838 §.7303
831 3797 873 3809 —
901 3757 976 3821 ttinc
998 3756 1106 3820 scotus
1126 3770 1182 3816 suo

143 3857 210 3920 iure
232 3858 322 3920 etiarn
343 3856 402 3920 buc
424 3858 595 3922 contendit:
631 3861 756 3942 „Divina
778 3860 907 3924 scientia
929 3863 976 3922 εει
995 3873 1094 3922 rerum
1115 3871 1183 3916 orn-

152 4061 420 4077 m

200 4193 228 4264 r)
246 4192 280 4244 er.
298 4195 347 4251 nr.
367 4199 387 4269 g.
404 4198 513 4253 εε-εε
533 4227 567 4246 -
