3010 4946
309 411 369 478 114

303 595 355 674 lla,
377 595 417 658 de
436 594 641 677 spiritualibus
662 593 700 656 ad
724 597 893 676 corporalia
918 631 958 648 -·
979 637 1018 652 -
1044 617 1129 666 suum
1144 605 1345 670 miserabilem

303 697 465 776 interitum,
499 695 551 760 lali
582 712 682 775 poena
711 695 896 776 'admonitus
918 703 1011 781 potuit
1033 719 1234 786 cognoscere,
1256 713 1287 770 ut
1306 708 1346 772 ad

303 814 377 863 suae
414 797 568 879 dignitatis
604 797 760 877 pristmum
782 805 910 864 ,statum
950 805 1133 882 poenitendo
1167 806 1345 890 divinasque

302 897 399 980 leges,
435 915 510 979 quas
530 904 741 981 transgressus
762 905 838 978 erat,
858 900 1009 982 implendo
1029 899 1131 968 redire
1151 908 1343 987 pessumeuss

303 997 354 1078 (ur
377 1000 441 1076 19·)
463 1029 509 1048 ““““’
1353 1018 1357 1026 ’

768 1179 798 1248 §-
818 1163 868 1230 49.
898 1195 899 1200 =

396 1325 495 1404 Atque
527 1323 604 1386 haee
635 1325 699 1404 ipsa
739 1321 822 1384 Seali
843 1322 936 1384 verba
960 1325 1048 1385 etiam
1075 1324 1146 1388 illud
1169 1329 1341 1410 ostendunt,

297 1422 368 1504 quid
395 1425 434 1486 sit
467 1423 603 1504 ei‘prlmi
637 1424 788 1500 hominis,
823 1429 855 1486 ut
888 1440 955 1485 cum
990 1424 1140 1508 theologis
1171 1428 1341 1510 loquamur,

296 1525 547 1606 praevaricatio*
580 1523 610 1586 ls
641 1525 719 1589 enim
743 1523 846 1602 „primi
870 1523 1001 1586 bominis
1025 1543 1114 1588 casus
1134 1536 1164 1590 et
1183 1531 1339 1594 interitas‘⁶

296 1660 334 1678 -
359 1621 477 1704 dieitur,
499 1623 579 1706 quad
603 1669 619 1704 „
641 1625 785 1686 unitatem
810 1623 930 1686 divinae
952 1632 1094 1688 naturae“
1127 1631 1173 1703 (in
1195 1648 1252 1710 qua
1271 1649 1339 1694 eum

288 1725 477 1806 reliquarum
514 1741 614 1788 rerum
664 1727 764 1786 causis
789 1725 1036 1804 -primondialibus
1082 1732 1231 1810 propriam
1263 1750 1337 1795 suae

295 1827 450 1908 dignitatis
474 1831 562 1906 alque
597 1827 749 1888 essentiae
782 1826 886 1887 sedem
918 1827 1073 1889 obtinebat
1095 1829 1190 1914 [1,7;
1212 1831 1335 1909 1V‚10;

293 1926 331 2004 ll,
352 1926 372 1988 6
394 1933 511 2006 seqq.])
533 1925 733 2004 „deseruerit,
753 1932 841 2005 atque
872 1927 913 1988 ita
941 1925 980 1989 de
1006 1930 1128 1992 summis
1149 1931 1188 1993 ad
1207 1934 1276 2009 ima,
1297 1933 1336 1995 de

294 2029 427 2096 aeternis
460 2024 499 2087 ad
535 2025 726 2105 temporalis“
760 2059 802 2072 -
830 2065 870 2078 -
905 2026 945 2090 sit
979 2027 1186 2092 leuabatusll
1209 2068 1247 2082 -
1270 2033 1334 2096 lloe

293 2133 391 2192 uatem
423 2128 551 2205 Saulus,
586 2133 619 2189 ut
649 2125 857 2206 philosophiae
886 2127 979 2207 ipsius
1011 2125 1085 2192 salis
1114 2133 1271 2212 convenit,
1293 2134 1334 2196 ita

293 2229 385 2328 eliam
407 2233 583 2290 constanter
602 2225 702 2288 (lacet.
727 2225 789 2302 (cf.
811 2233 841 2302 s.
863 2226 904 2289 50
927 2235 1028 2310 seqq.)
1061 2301 1063 2306 ¹
1173 2283 1176 2290 .

749 2404 780 2472 §.
803 2397 852 2462 50.

320 2548 322 2556 ¹
385 2567 520 2650 ,Primus
541 2565 632 2630 homo
653 2567 892 2649 praevaricando
917 2567 994 2629 illam
1016 2565 1201 2652 dignitatem,
1225 2586 1281 2650 qua
1304 2569 1333 2633 in

288 2654 532 2756 primordialibus
554 2669 654 2730 causis
676 2674 799 2732 ornatus
821 2674 896 2744 erat,
920 2669 1062 2730 deseruit.
1096 2669 1190 2732 'lline
1212 2672 1249 2732 ab
1276 2689 1334 2733 an-

289 2769 389 2851 gelica
412 2771 450 2834 ad
481 2770 654 2850 pecorinam
685 2787 747 2832 non
768 2768 863 2832 solum
887 2771 1048 2847 essentiae,
1070 2770 1233 2832 sedetiam
1255 2771 1332 2832 mul·

289 2867 481 2950 tip'lieationts
515 2871 662 2932 rationem
691 2871 811 2932 corruit.
868 2869 931 2931 Hae
964 2869 1044 2931 enlm
1067 2867 1105 2930 de
1129 2887 1220 2931 causa
1243 2871 1329 2931 etiam

288 2971 320 3032 iu
340 2970 502 3033 musculum
524 2977 555 3032 et
577 2969 715 3033 feminam
739 2970 852 3032 divisus
875 2977 930 3047 est,
951 2989 1038 3050 quum
1061 2975 1158 3046 antea,
1177 2971 1208 3031 in
1229 2977 1329 3030 aeter.

289 3073 336 3134 nis
358 3072 421 3133 suis
455 3070 633 3148 rationibus,
668 3088 729 3132 non
762 3069 890 3132 baberet
923 3068 1101 3131 divisionem
1119 3088 1251 3148 sexuum,
1272 3068 1328 3131 sed

290 3171 463 3255 simpliciter
499 3169 589 3233 homo
624 3177 712 3233 esset.
765 3170 932 3249 lterumque
953 3176 1021 3250 post
1041 3169 1238 3231 universalem
1262 3187 1330 3231 orn-

288 3273 368 3334 nium
392 3286 549 3352 corporum
585 3271 859 3349 resurrectionem,
881 3287 958 3351 quae
980 3272 1010 3331 in
1032 3269 1090 3331 line
1108 3269 1207 3332 mundi
1232 3270 1328 3332 lutura

290 3371 418 3447 dicitur,
450 3369 527 3433 haee
562 3387 685 3433 sexuum
717 3370 826 3432 divisio
854 3387 916 3432 non
948 3370 1071 3450 amplius
1101 3371 1166 3430 erit.
1188 3405 1227 3417 -
1250 3369 1328 3432 Talis

288 3472 413 3533 masculi
440 3478 471 3533 et
502 3472 807 3535 feminaeadubatio
842 3470 871 3533 in
906 3472 1062 3536 Salvatore
1094 3475 1199 3532 nostro
1241 3487 1327 3551 quum

287 3577 479 3652 resurgeret,
510 3573 633 3652 primum
658 3578 704 3633 est
729 3573 825 3634 lacta:
854 3573 885 3632 in
907 3588 945 3634 eo
969 3573 1059 3650 enim,
1079 3577 1112 3632 ut
1134 3573 1174 3632 ait
1193 3571 1329 3652 Aposto-

285 3669 345 3830 lgrs,
366 3686 428 3730 non
448 3675 495 3730 est
514 3671 664 3734 masculus
685 3688 782 3752 neque
798 3669 935 3734 lemine.“
979 3669 1031 3750 (ll,
1052 3667 1076 3782 6ι
1094 3687 1179 3752 seqq.
1201 3691 1256 3748 -3
1280 3667 1327 3747 tv,

310 3815 320 3850 ,
346 3770 394 3847 m,
418 3769 486 3847 1⁵.)

752 3959 783 4040 q.
806 3916 857 4019 ⁵1.

384 4108 498 4189 „ltomo
527 4107 608 4190 prius
639 4107 670 4171 in
692 4127 734 4174 se.
757 4110 824 4192 ipso
852 4109 953 4193 lapsus
975 4115 1032 4188 est,
1053 4125 1141 4188 quum
1162 4125 1181 4170 a
1204 4107 1325 4174 diabolo
