3010 4946
335 449 378 516 ot

333 627 491 711 prolluant,
511 643 618 705 necne,
639 626 709 688 lruic
730 624 863 687 breviter
883 625 1135 705 respondendum,
1149 625 1244 691 Deum
1269 632 1301 692 in
1319 647 1374 694 sa-

333 730 446 808 pientia
477 729 586 803 sua¹⁹J
619 741 741 788 -eas
776 725 898 804 iecisse,
931 744 989 806 quo
1011 728 1071 802 lrat,
1094 734 1201 791 utnon
1223 731 1316 794 solum
1338 749 1374 794 se

332 831 398 910 ipsa
419 833 617 908 cognoscant,
652 826 707 888 sed
738 825 828 888 ctiam
849 843 957 904 rerum,
990 845 1111 912 quarum
1132 831 1275 910 principia
1296 839 1374 907 sunt,

332 929 469 991 notitiam
504 927 644 988 habeant.
701 924 769 989 Non
799 927 878 998 enim
909 924 1091 990 credendum
1125 937 1192 1010 est,
1220 933 1250 992 in
1273 933 1374 994 divina

266 1054 268 1058 ·
333 1030 480 1110 sapientia
512 1025 623 1107 aliquid
653 1027 798 1106 insipiens
830 1032 915 1088 etse
936 1027 1031 1107 ipsum
1055 1029 1200 1110 ignorans
1223 1031 1374 1095 conditum

332 1129 455 1194 luisse.“
476 1127 529 1208 (ll,
555 1127 605 1208 18,
628 1126 688 1204 uo,
709 1125 748 1209 v;
764 1127 829 1201 tl.)

788 1315 819 1382 §.
847 1305 897 1370 ul·

416 1442 562 1522 ,Fuerunt
595 1445 691 1504 autem
724 1455 834 1502 causae
849 1467 850 1474 Ι
867 1439 936 1501 illae
966 1440 1174 1520 primordiales
1206 1457 1302 1522 usque
1334 1442 1372 1506 ab

332 1543 414 1604 omni
434 1543 618 1604 aeternitate.
672 1541 746 1604 Sunt
768 1540 887 1620 quidem
910 1541 1027 1622 sactae,
1050 1559 1154 1604 verum
1176 1543 1238 1622 ita,
1260 1551 1292 1605 ut
1314 1561 1374 1605 ne-

332 1660 391 1722 que
411 1644 573 1704 aeternitas
597 1659 699 1703 earum
719 1639 874 1720 iacturam,
894 1658 993 1722 neque
1017 1641 1132 1704 lactura
1147 1659 1247 1705 earum
1270 1651 1373 1706 aeter-

330 1743 453 1805 nitatem
484 1743 656 1823 praecedat
676 1777 717 1789 -
739 1741 889 1803 Nascente
916 1742 995 1802 eninr
1029 1741 1102 1804 Filio
1132 1759 1171 1803 err
1206 1743 1292 1806 Patre
1323 1744 1373 1820 (id

331 1844 412 1927 quod
444 1861 538 1926 usque
567 1842 604 1904 ab
637 1843 718 1903 omni
751 1843 928 1904 aeternitate
956 1842 1065 1903 lactum
1089 1849 1151 1920 est)
1183 1843 1282 1904 iactae
1305 1849 1373 1905 sunt

330 1944 621 2026 praedestinationes
654 1941 864 2003 substantiales
899 1939 945 2015 (h.
967 1959 995 2002 e.
1016 1959 1127 2004 causae
1147 1944 1372 2021 primordiales)

331 2046 363 2106 in
383 2045 478 2106 verbo
497 2043 562 2104 Dei.
612 2041 726 2104 Causas
748 2043 897 2123 siquidem
920 2042 1130 2122 primordiales
1150 2043 1227 2106 Patri
1248 2050 1278 2106 et
1299 2045 1372 2108 Filio

332 2149 511 2208 coaeternas
534 2160 603 2206 esse
625 2144 785 2206 oredimus.
807 2143 871 2222 (ΙΙΙ,
899 2143 957 2220 163
980 2143 1016 2223 ll,
1039 2145 1202 2226 rosula,

416 2246 477 2308 Sed
499 2245 616 2321 Scelus,
632 2244 689 2306 etsi
710 2243 758 2306 his
777 2243 854 2304 loeis
878 2243 989 2306 diserte
1003 2244 1087 2323 dixit,
1108 2262 1216 2307 causas
1228 2245 1372 2326 primord.

330 2347 408 2427 patri
436 2344 558 2426 filioque
589 2361 658 2408 esse
680 2350 913 2426 ,coaeternas,“
936 2350 1035 2404 tamen
1057 2345 1123 2406 aliis
1146 2346 1222 2408 locis
1246 2352 1372 2411 conten-

251 2519 256 2548 ι
331 2446 391 2522 dit,
417 2446 498 2525 ipsas
529 2460 591 2506 non
627 2431 750 2506 omnino
782 2443 829 2505 his
860 2460 929 2507 csse
960 2450 1186 2522 ,coaeternas.“
1217 2444 1370 2524 -¹,ldao

330 2547 479 2624 (enim),“
500 2546 562 2623 ait,
594 2559 722 2623 ,causas
752 2544 900 2625 primord.
936 2543 995 2607 deo
1026 2544 1153 2608 dicimus
1178 2553 1371 2623 coaeternas,

207 2703 210 2712 ,
331 2647 400 2726 quia
422 2661 540 2725 semper
560 2645 591 2706 in
612 2644 671 2706 deo
692 2645 758 2706 sine
778 2643 1018 2724 ultoremporati
1034 2647 1181 2726 principio
1194 2646 1369 2721 subsistunt,
1404 2631 1410 2648 ⁸

330 2745 401 2808 ideo
422 2746 479 2825 ipsi
500 2761 562 2808 non
585 2747 780 2821 coaeternas,
809 2744 962 2826 quianon
982 2763 1000 2806 a
1022 2763 1057 2808 se
1079 2748 1172 2826 ipsis,
1195 2745 1251 2808 sed
1271 2763 1289 2806 a
1310 2760 1366 2804 suo

332 2852 471 2908 creatore
491 2845 635 2926 incipiunt
654 2860 744 2922 esso,
777 2844 842 2924 ipse
864 2862 937 2907 vero
961 2851 1082 2908 creator
1102 2842 1184 2906 nullo
1206 2840 1369 2926 modoin-

332 2946 402 3026 cipit
423 2949 520 3006 esse.“
546 2942 659 3006 -Est
688 2949 788 3005 autem
808 2942 866 3006 hac
886 2943 964 3006 illius
985 2946 1030 3005 rei
1053 2940 1251 3022 explicatione
1272 2942 1370 3020 magis

1490 325 1494 508 Ι

1492 683 1494 802 Ι

330 3045 420 3108 etiam
452 3043 586 3106 miranda
609 3043 687 3106 ratio
710 3043 879 3124 quaedam,
911 3059 988 3124 quae
1009 3042 1078 3104 huic
1100 3042 1157 3122 ipsi
1177 3039 1371 3122 explicationi
1490 3057 1491 3060 ¹

331 3153 378 3207 est
399 3146 535 3207 adiecta:
567 3143 615 3223 ,Si
644 3145 675 3205 in
706 3145 772 3223 ipsa
808 3160 899 3212 eausa
930 3158 1086 3204 causarum
1120 3143 1267 3220 omniurn,
1289 3142 1319 3204 in
1343 3157 1369 3202 s.

331 3245 482 3322 trinitate,
511 3242 658 3324 quaedam
693 3243 868 3326 intelligitur
903 3243 1062 3323 processio
1077 3279 1125 3324 1-
1158 3241 1256 3304 deitas
1290 3242 1370 3302 enim

331 3347 461 3430 gignens
481 3351 511 3406 et
531 3346 651 3406 mittens
675 3343 830 3424 praecedit
849 3346 980 3424 genitam
1002 3350 1033 3438 et
1052 3342 1277 3424 procedentem,
1300 3343 1370 3404 dum
1489 3385 1490 3402 a

332 3446 371 3508 sit
401 3462 460 3508 una
491 3450 521 3504 et
543 3443 751 3526 inseparabilis
777 3444 937 3507 deitas-
961 3461 1021 3506 non
1044 3447 1148 3507 mirum
1172 3450 1228 3522 est,
1250 3451 1300 3507 aut
1320 3449 1370 3507 in-

333 3543 487 3620 credibile,
509 3547 666 3607 causarum
680 3547 810 3608 omnium
832 3564 952 3610 causam
965 3544 1151 3638 pfaecedere
1173 3563 1221 3625 ea,
1245 3563 1369 3628 qnorum
1410 3619 1416 3627 q

333 3664 424 3708 causa
446 3644 637 3720 ests-(de
653 3643 712 3708 div.
734 3653 793 3708 nat.
813 3645 850 3722 ll,
872 3649 926 3722 ur;
948 3646 996 3723 ΙΙΙ,
1018 3648 1037 3707 5
1058 3653 1161 3728 seqq.)
1175 3683 1216 3697 -
1237 3647 1371 3725 „Quam-

332 3764 420 3832 qqam
453 3752 552 3807 autem
581 3747 650 3826 oapi
670 3748 782 3826 nequit,
804 3746 953 3827 quomodo
978 3764 1088 3809 causae
1112 3744 1319 3828 primordiales
1340 3752 1371 3806 et
1487 3771 1488 3828 3

331 3846 431 3908 sactae
443 3851 473 3906 et
485 3852 626 3909 aeternae
647 3850 764 3930 possint
775 3864 853 3927 esse,
873 3864 924 3912 res
943 3853 1043 3911 tamen
1064 3848 1222 3911 illustratur
1233 3847 1369 3928 exemplo

331 4033 573 4046 *—

367 4151 414 4222 19)
432 4151 461 4202 ΙΙ.
481 4169 504 4204 e.
527 4154 554 4206 in
573 4153 630 4206 filio
649 4169 696 4205 suo
717 4153 866 4226 canigenito.
898 4153 938 4206 Cf.
956 4169 1014 4225 sup·
1031 4152 1053 4224 Ι.
1078 4154 1138 4223 12.;
1156 4152 1190 4207 tle
1207 4153 1259 4210 div.
1275 4153 1310 4220 ΙΙ,
1324 4155 1366 4208 22.
