3010 4946
311 459 374 528 104

308 638 461 722 principiis
482 639 544 701 suis
556 637 896 724 incomprehensibilem
928 640 1111 703 altitudinem
1136 645 1247 706 vadare
1272 663 1353 707 noe-

292 726 400 802 ‘temd‘
422 739 618 818 „Faciamque
633 744 678 800 est
690 754 817 817 uespere
831 745 861 799 et
881 755 968 800 mane
985 739 1049 802 dies
1071 747 1218 802 onusti-
1229 761 1354 822 ,quam-

309 841 356 903 uis
378 839 456 900 enirn
479 840 558 900 inter
592 838 805 900 obscuritatem
840 855 997 901 causarum
1019 846 1049 901 et
1070 840 1234 904 claritatem
1257 843 1359 904 ellec-¹

308 947 389 1004 laum
411 935 521 1001 divisio
540 937 724 1018 intelligatur
748 944 779 999 et
799 936 978 1016 differentia,
999 957 1076 1002 unus
1097 936 1194 1002 lairen
1215 941 1357 1023 idemque

310 1041 377 1103 dies
401 1046 447 1102 est
467 1039 495 1100 h.
522 1055 549 1100 e.
570 1056 646 1101 nnus
671 1055 773 1100 eorum
797 1039 965 1103 intellectus
977 1062 986 1118 3
1007 1059 1069 1104 non
1091 1044 1168 1104 enim
1185 1043 1241 1104 aliu
1262 1061 1357 1106 crea-.

312 1149 377 1204 tnru
398 1139 571 1220 intelligitur
593 1141 624 1201 in
647 1139 745 1202 causis
766 1140 865 1222 laeta,
888 1142 945 1205 alia
965 1141 995 1203 in
1019 1141 1174 1205 effectibus
1196 1158 1357 1206 cansarum

310 1241 449 1317 condita,
470 1239 524 1302 sed
548 1257 607 1301 una
638 1240 805 1320 cademque
835 1241 866 1302 in
901 1242 1066 1304 rationibus
1090 1245 1240 1321 aeternis,
1260 1245 1358 1306 veluti

310 1342 340 1402 in
364 1339 539 1420 quibusdam
561 1338 694 1401 tenebris
724 1341 947 1404 secretissimae
975 1343 1140 1422 sapientiae
1162 1345 1243 1405 omni
1263 1343 1358 1405 intel-

214 1444 218 1453 ‘
290 1442 389 1502 vlecta
408 1446 541 1502 remotae
565 1445 595 1502 et
625 1441 655 1500 in
676 1441 924 1518 processionibus
953 1443 1080 1504 rationis
1100 1444 1130 1504 in
1154 1438 1279 1510 effectus
1296 1445 1356 1504 in-

309 1539 474 1601 tellectibus
496 1523 704 1616 succumbens,
725 1540 815 1602 veluti
838 1542 869 1602 in
896 1543 1023 1621 quadam
1044 1543 1094 1605 dle
1113 1543 1269 1624 perlectae
1291 1561 1353 1606 no-

308 1639 392 1702 titiae
413 1638 602 1702 manifestata
612 1642 681 1722 ²⁶).“
705 1638 768 1726 (lll,
791 1641 852 1720 23.)

772 1817 801 1886 p
836 1805 885 1870 ao.
944 1861 947 1870 .

391 1919 496 1998 Neque
512 1918 649 1989 ¹alienum
671 1920 799 1999 videtur,
822 1923 848 1983 si
869 1921 927 1983 iam
949 1939 1044 1996 nunc,
1067 1939 1126 2002 quo
1151 1921 1280 2001 lucillae,
1304 1923 1355 2002 qui

310 2017 387 2078 haec
407 2018 524 2082 lecturi.
539 2020 608 2100 sint,
642 2037 763 2082 causam
793 2021 1060 2109 cognoscantde
1077 2021 1263 2101 pantheismo
1283 2022 1355 2085 liri·-

312 2117 445 2198 geniano
466 2135 533 2180 cnm
554 2117 612 2181 illis
632 2121 824 2202 argumentis,
858 2139 935 2202 qnae
957 2139 975 2182 a
996 2121 1228 2201 Schlnetero²⁶t
1265 2123 1355 2186 nobis
1406 2185 1409 2192 .

314 2217 451 2298 opposita
474 2223 553 2298 sunt,
573 2235 637 2282 rem
661 2227 751 2282 totam
773 2219 1003 2284 confecerimus.

683 2395 685 2399 ·
775 2383 888 2466 §.db
963 2447 964 2452 ,

396 2499 497 2582 ltaque
519 2509 623 2565 nostro
646 2503 768 2566 tandem
789 2504 854 2565 inre
875 2503 935 2565 hoc
959 2503 1048 2565 nobis
1069 2520 1188 2566 sumere
1209 2501 1356 2582 videmur,

315 2601 456 2665 docuisse
477 2593 657 2685 ‘Erigenam
691 2624 725 2667 re
747 2612 777 2668 et
796 2605 878 2668 lacto
899 2605 960 2682 illa,
986 2605 1092 2686 quibus
1114 2606 1204 2686 supra
1226 2613 1263 2682 (t.
1288 2607 1355 2682 tt.)

317 2707 419 2780 totam¹
435 2704 504 2767 eius
522 2695 739 2785 philosophiam
777 2707 926 2768 contineri
955 2704 1099 2782 dixImuS,
1120 2691 1354 2768 substantialiter

314 2818 353 2863 ex
373 2802 541 2865 substantia
563 2803 664 2866 divina
683 2803 825 2883 linxisse,
847 2822 988 2866 manasse
1011 2821 1118 2867 causas
1147 2802 1353 2884 primordiales

314 2903 444 2966 omnium
489 2921 610 2984 rerum,
656 2922 851 2986 quaecunque
898 2904 957 2966 hoo
991 2905 1193 2968 universitatis
1227 2919 1354 2982 corpore

315 3001 614 3082 comprehendantur,
636 3006 770 3085 exempla
791 3005 986 3084 principalia,
1009 3004 1123 3084 hasque
1144 3001 1252 3066 deinde
1276 3020 1353 3064 can-

234 3183 237 3189 ·
314 3119 365 3163 sas
387 3103 595 3181 primordiales
619 3106 650 3166 in
674 3122 775 3166 earum
796 3103 930 3184 allectus,
947 3105 1026 3170 hanc
1047 3106 1141 3194 ipsam
1162 3122 1260 3168 rerum
1285 3104 1357 3164 uni-

313 3202 496 3282 versitatem,
517 3203 705 3283 profluxisse,
720 3221 927 3285 promanasse,
946 3204 988 3268 ita
1005 3212 1038 3268 at
1059 3222 1157 3286 neque
1177 3203 1215 3266 de
1235 3204 1357 3284 propria
1402 3199 1406 3208 '

315 3317 370 3363 sua
391 3300 483 3380 sede,
515 3319 603 3382 quarn
630 3321 726 3384 usqae
763 3304 800 3367 ab
832 3305 913 3381 omni
945 3305 1121 3369 aeternitate
1156 3304 1187 3366 in
1207 3305 1273 3384 ipso
1298 3301 1355 3364 deo

314 3403 438 3480 eiusque
461 3402 622 3483 splendore
645 3405 771 3467 coelesti
794 3442 834 3453 —
858 3405 1059 3486 obtinuerint,
1080 3409 1140 3470 sint
1160 3405 1307 3482 deiectae,
1327 3409 1356 3464 et

314 3498 380 3563 sola
406 3502 536 3582 ipsarum
563 3505 790 3585 participatione
825 3506 1012 3572 substantiali
1042 3543 1083 3556 -
1115 3509 1154 3570 sit
1184 3505 1214 3567 id
1250 3507 1357 3624 ipsum,

320 3689 590 3708 m

334 3807 1357 3888 ἳῶΜοῶΜΜωὼΜθψθΜΜωρὼεώωὴῳω

415 3915 512 3969 „opere
544 3917 590 3951 sex
615 3899 738 3950 dierum‘
765 3899 926 3968 exponendo
946 3899 1006 3965 (lit,
1026 3897 1146 3962 24-403
1164 3895 1210 3956 IV,
1232 3893 1248 3946 3
1267 3901 1356 3964 seqq.)
1435 3947 1436 3952 ,

418 4001 487 4055 qaae
518 4003 590 4038 saera
620 3987 751 4056 scriptura
774 3987 817 4042 vel
843 3988 1012 4056 apertissime
1042 3990 1162 4046 enarrat,
1182 3981 1357 4050 Erigeaiaaae

418 4070 610 4139 phssosophiac
630 4070 746 4123 decreds
765 4071 870 4138 ilhgnta
889 4072 1098 4146 dhtorqnentan

312 4151 313 4158 ’
347 4153 393 4223 ab)
420 4155 454 4208 cf.
476 4158 561 4227 praef.
584 4156 703 4210 Schluet.
724 4175 751 4227 p.
769 4159 946 4214 xvi-lixit.
