3010 4946
289 455 347 519 too

287 633 345 696 soli
367 631 540 706 fabricatori
568 625 644 692 illius
682 628 827 708 cognito,
857 635 888 690 et
920 631 1000 692 eirea
1031 648 1103 694 snas
1133 631 1326 714 substantias,

287 733 393 812 quibus
427 729 666 810 inseparabiliter
699 728 885 806 adbaerent,
920 748 1039 810 semper
1070 739 1263 814 permanent,
1297 741 1329 796 et

286 833 365 894 huno
400 831 540 902 mundum
568 828 659 894 modo
697 828 827 908 quodam
861 830 1038 912 intelligibili
1060 833 1327 914 compositionibus

287 935 350 1000 suis
368 933 523 1010 perlicinnt
543 937 632 1010 atque
654 937 863 1008 componunt<
978 999 986 1013 ,

368 1031 407 1095 Et
427 1033 497 1092 item
519 1030 595 1094 libro
618 1030 719 1109 quintu
742 1037 823 1110 (cap.
848 1029 972 1106 XXV.):
993 1031 1136 1112 ,Omnia,
1157 1051 1234 1113 quae
1252 1027 1328 1096 loeis

287 1131 556 1213 temporalibusque
584 1130 755 1207 variantur,
779 1132 993 1212 corporeisque
1016 1133 1156 1196 sensibus
1187 1153 1328 1198 succum-

288 1235 379 1310 bunt,
412 1229 480 1294 nun‘
494 1235 578 1312 ipsae
607 1247 659 1292 res
682 1231 893 1298 substantiales
914 1251 987 1294 vere
1010 1235 1183 1314 existentes,
1206 1237 1260 1298 sed
1281 1237 1330 1318 ip-

286 1353 386 1398 sarum
409 1351 509 1394 rerum
531 1349 604 1394 vere
625 1332 814 1392 existentium
840 1319 984 1411 quaedam
1008 1335 1198 1396 transitoriae
1220 1338 1331 1417 imagi-

289 1441 399 1496 neset
412 1421 631 1496 resultationes
652 1433 844 1513 intelligenda
856 1439 931 1495 sunl.
974 1435 1063 1500 Cuius
1079 1437 1203 1497 rationis
1224 1453 1331 1500 exem·
1369 1447 1371 1449 ’

288 1537 365 1616 plum
389 1541 437 1598 est
458 1551 519 1599 vox
541 1534 665 1612 eiusque
686 1535 805 1613 inrogo,
827 1551 904 1612 quae
928 1529 996 1612 ἠχώ
1017 1541 1158 1617 vocatur,
1182 1554 1235 1598 seu
1258 1555 1331 1598 eor-

287 1625 362 1714 poru
384 1636 576 1714 ipsorumque
599 1633 738 1696 umbrae:
760 1650 837 1713 quae
859 1640 967 1710 cuneta
988 1651 1050 1697 nun
1070 1652 1132 1714 res,
1156 1637 1209 1699 sed
1234 1636 1330 1698 lalsae

292 1751 392 1796 rerum
415 1735 562 1814 imagines
585 1733 748 1812 probantur
769 1739 866 1801 esse.“
887 1771 926 1782 -

369 1833 430 1895 Nos
453 1849 540 1911 vero,
565 1850 652 1912 quum
664 1832 795 1914 Erigena
816 1833 1007 1913 paucioribus
1020 1840 1131 1896 tanturn
1151 1835 1228 1896 loeis
1248 1835 1329 1898 buno

285 1933 317 1995 in
333 1931 457 1994 modum
487 1931 604 1994 locutus
626 1933 691 2007 sit,
710 1931 790 1995 illam
825 1932 1011 2018 potissimum
1033 1936 1220 2010 sententiam,
1241 1952 1329 2015 quarn

289 2031 363 2094 alias
383 2032 492 2112 ubique
522 2032 689 2112 exprimere
707 2033 847 2110 videtur,
865 2031 952 2094 nobis
976 2034 1157 2114 sequendam
1181 2051 1250 2096 esse
1273 2052 1331 2113 pu-

286 2131 423 2200 tavimus.
465 2131 543 2194 Salis
567 2137 670 2194 autern-
689 2131 762 2211 erit,
786 2132 864 2196 bano
883 2133 1005 2203 alteram
1029 2153 1046 2196 a
1067 2135 1156 2198 nobis
1177 2151 1240 2198 non
1262 2153 1331 2222 esse

287 2233 468 2314 neglectam.
489 2233 544 2308 (ul.
567 2231 620 2296 inf.
642 2241 670 2310 §.
692 2231 760 2308 64.)
782 2269 822 2283 -
858 2263 860 2267 v

756 2347 786 2440 ς’.
810 2354 859 2427 an

174 2521 178 2528 .
293 2496 296 2506 .
345 2457 490 2538 'Quibus'
505 2461 648 2545 expositis
669 2464 748 2544 luce,
781 2472 812 2528 ut
834 2465 1023 2542 arbitramur,
1046 2465 1155 2528 elarius
1173 2472 1230 2545 est,
1253 2484 1330 2548 quae

286 2567 393 2629 Scelus
416 2573 521 2628 noster
541 2573 572 2628 et
594 2567 633 2628 de
656 2567 774 2650 origine
799 2567 889 2630 etde
912 2567 1077 2629 substardia
1090 2567 1220 2630 Naturae
1240 2586 1331 2630 erea-

287 2672 337 2727 tae
362 2681 423 2727 non
448 2663 613 2743 creantis,
635 2683 693 2746 quo
729 2669 854 2730 nomine
883 2667 963 2728 bane
985 2684 1084 2730 rerum
1106 2670 1329 2730 universitatem

287 2765 435 2845 appellat,
456 2767 487 2827 in
517 2764 600 2828 libris
630 2765 667 2827 de
689 2767 747 2828 div.
767 2767 897 2830 Naturae
919 2767 1066 2829 docuerit.
1108 2769 1191 2850 Nam,
1214 2757 1239 2829 si
1262 2769 1328 2846 quis

288 2865 608 2952 alius,'ernanativum,
631 2866 711 2947 quod
734 2875 856 2947 vocant,
877 2874 1006 2948 systema
1033 2870 1191 2946 expressit.
1234 2869 1326 2940 Quum

287 2985 362 3029 vern
384 2974 488 3029 nostra
520 2974 620 3028 aetate
641 2967 767 3045 luerint,
800 2970 868 3049 qui,
898 2971 1056 3047 opinantes
1077 2967 1224 3047 fortasse,
1245 2965 1326 3026 illam

290 3085 351 3128 non
375 3068 469 3130 luisse
491 3085 592 3128 veram
615 3069 697 3130 scoti
719 3069 1056 3146 sententian,vtxaut
1076 3084 1115 3128 ne
1138 3064 1188 3128 rix
1210 3065 1327 3144 quidem

292 3167 478 3244 dubitarent,
507 3170 577 3248 quin
607 3168 690 3231 Sooti
718 3169 795 3230 rullo
833 3169 955 3230 omnino
985 3185 1059 3230 sana
1089 3173 1177 3246 atque
1210 3165 1327 3246 integra

292 3274 392 3344 esset,
424 3284 522 3346 neque
545 3267 604 3330 ullo
625 3274 713 3348 pacto
735 3268 924 3350 pantheismi,
944 3285 1031 3348 quem
1055 3265 1213 3348 appellant,
1235 3281 1327 3327 aneu-

288 3369 439 3444 santae)
474 3368 544 3429 huic
579 3367 769 3448 disputationi
793 3376 915 3443 nostrae
938 3385 1028 3429 unum
1049 3372 1205 3446 praeterea
1228 3373 1258 3426 et
1279 3365 1328 3426 al-

242 3480 248 3489 ’
287 3477 381 3532 terum
405 3487 444 3532 ex
472 3469 555 3532 libris
589 3469 627 3531 de
665 3469 723 3548 div.
757 3470 886 3538 Naturae
909 3469 1007 3530 locum
1030 3468 1214 3544 adiiciemus,
1247 3466 1328 3528 unde

293 3571 423 3651 apertius
446 3571 545 3653 etiarn,
566 3572 592 3632 si
612 3569 677 3631 lieri
698 3572 812 3650 possit,
829 3571 921 3632 buius
944 3569 1099 3631 doctrinae
1127 3567 1328 3648 Erigenianae

229 3673 233 3684 ’
289 3671 408 3733 indoles
429 3677 634 3751 pernoscatur.
677 3671 794 3732 Deinde
810 3670 987 3756 ridebimus,
1008 3668 1085 3730 bane
1106 3670 1199 3750 ipsam
1220 3675 1328 3730 etre-

289 3789 353 3832 ram
375 3787 445 3833 esse
465 3771 607 3834 librorum
632 3770 671 3832 de
691 3770 751 3832 div.
773 3771 903 3833 Naturae
926 3771 1112 3833 sententiam.

372 4001 393 4068 l.
439 4003 501 4082 ,ue
534 4001 600 4080 his,
622 4001 671 4082 qui
693 3911 793 4064 de§e0
813 3903 923 4080 3110,
957 4003 1037 4083 quod
1067 4001 1157 4064 totius
1178 3981 1336 4060 essentiae'

306 4178 352 4248 24)
371 4179 405 4232 eb
424 4179 573 4232 Selrlueterl
592 4179 677 4248 praef.
695 4195 722 4248 p·
743 4179 780 4231 Vl
800 4193 875 4248 seqq.
946 4199 948 4206 ·
