3014 4950
334 448 374 511 ab

334 630 453 704 queant.
496 622 603 684 Balbus
629 623 718 703 igitur
738 630 768 686 et
787 624 912 701 Pitsous,
935 625 985 704 qui
1004 624 1177 701 „historiam
1199 623 1381 686 litterariam

333 726 563 790 Britannorum“
580 730 819 803 composnerunt,
842 731 980 804 quarinum
997 741 1053 786 nus
1069 722 1185 803 quidem
1200 725 1374 799 scimusdt),

333 823 420 902 primi
442 821 480 884 de
512 822 569 884 illis
601 825 891 904 peregrinationibus
922 826 1081 904 scripsere.
1123 824 1231 884 Verum
1264 823 1375 885 frustra

332 923 416 1002 ipsos
437 924 475 984 iis
497 921 694 984 defendendis
715 930 802 1004 atque
824 923 1006 987 affirmandis
1039 930 1165 986 conatos
1186 939 1282 1003 csse,
1315 924 1374 984 iam

334 1041 374 1086 ex
394 1023 547 1086 Bruchcro
570 1030 601 1085 et
615 1023 727 1106 Thoma
746 1025 892 1103 Galeo³⁰J
909 1025 1108 1106 intelligimus.
1129 1025 1247 1097 Mullum
1264 1022 1375 1084 deindo

334 1125 465 1186 tribuunt
486 1126 522 1185 iis
547 1125 656 1202 verbis,
678 1143 754 1204 quae
777 1133 809 1188 ut
829 1128 942 1207 „ipsius
956 1125 1106 1206 Erigenae
1123 1124 1375 1204 rerbaRogerum

334 1223 485 1286 Beconem
506 1225 669 1286 memoriae
691 1225 860 1305 prodidisse
878 1226 1012 1308 legamus
1029 1209 1193 1306 apud'anr.
1210 1224 1373 1302 Wood³¹J,

337 1323 498 1393 dummodo
519 1324 657 1407 hogerus
678 1324 759 1388 Baoo
782 1327 820 1388 de
854 1345 958 1389 eorum
990 1333 1113 1390 auctore
1151 1342 1213 1388 non
1248 1342 1375 1388 errave-

334 1427 373 1488 rit
384 1429 460 1503 32).“
501 1425 563 1488 Nos
586 1433 695 1506 autem,
717 1429 744 1490 si
767 1429 837 1508 quid
858 1427 1006 1506 ridemus,
1029 1429 1117 1490 etiam
1140 1426 1201 1488 boc
1223 1424 1375 1488 fatendum

334 1543 405 1588 esse
426 1525 621 1604 arbitramur,
654 1545 693 1589 ne
721 1527 836 1592 Baconi
865 1529 984 1608 quidem
1015 1517 1065 1590 illd
1087 1528 1178 1590 verba
1199 1528 1374 1589 necessario

336 1626 538 1689 adscribenda
559 1645 638 1690 esse.
681 1629 725 1691 lta
747 1631 826 1691 enim
847 1629 896 1691 illo
925 1632 994 1692 loeo
1023 1631 1163 1709 scriptum
1191 1634 1254 1690 est:
1286 1627 1376 1701 „Ro-

225 1788 233 1804 ,
272 1723 290 1810 j
334 1747 426 1811 genus
450 1729 615 1808 siquidem
638 1732 775 1792 Baconus
797 1776 804 1791 .
827 1780 835 1796 .
860 1776 868 1792 .
891 1748 945 1810 pro
966 1730 1109 1792 hdissimo
1132 1747 1198 1791 eum
1219 1729 1373 1804 (Scotum)

337 1874 346 1892 .
371 1875 407 1891 ..
430 1829 596 1910 linguarum
618 1831 807 1911 interprete.
831 1876 839 1891 .
864 1830 1057 1910 depraedicat
1086 1831 1132 1908 (in
1154 1828 1264 1911 glossis
1285 1845 1376 1908 super

334 1930 441 1993 librum
471 1930 642 1992 Aristotelis
678 1929 715 1990 de
746 1931 873 1992 seeretis
918 1937 1103 1992 secretorum
1132 1965 1174 1978 -
1206 1947 1243 1990 m.
1274 1929 1374 2007 script.

334 2048 364 2111 p.
390 2033 444 2107 4);
468 2030 516 2091 oui
542 2028 728 2091 tribuendum
749 2047 841 2110 porro
861 2037 976 2103 censet,
998 2030 1078 2110 quod
1100 2029 1183 2090 libris
1201 2025 1375 2109 quibusdam

335 2129 536 2194 Aristotelicis
560 2132 640 2191 veris
664 2148 700 2192 ac
719 2131 858 2210 genuinis
881 2115 1013 2191 fruimur.
1054 2131 1121 2192 Non
1153 2129 1257 2208 reliqui
1278 2127 1377 2188 locum

337 2230 446 2310 (inquit
466 2230 514 2290 ille
535 2229 679 2307 loannes)
702 2249 760 2292 nec
781 2231 928 2336 tenplum,
948 2233 979 2293 in
997 2232 1102 2310 quibus
1116 2229 1284 2310 philosophi
1299 2245 1378 2289 oon-

338 2338 500 2394 suevorunt
522 2348 704 2411 componere
726 2338 756 2393 et
777 2349 926 2412 reponere
951 2351 1005 2394 sua
1026 2350 1117 2412 opera
1139 2337 1269 2407 secrete,
1300 2346 1376 2408 quae

338 2447 399 2493 non
424 2431 554 2505 visitavi,
584 2448 642 2492 nee
666 2433 793 2512 aliquem
816 2433 1035 2512 peritissimum,
1072 2449 1158 2512 quern
1179 2428 1296 2491 credidi
1317 2427 1376 2488 ha·

336 2532 411 2594 bere
432 2532 559 2611 aliquam
582 2533 716 2624 notitiam
740 2531 778 2594 de
799 2534 917 2614 scriptis
938 2533 1169 2614 philosophicis,
1205 2547 1293 2612 quem
1315 2545 1376 2590 non

338 2633 517 2713 exquisivi.“
537 2674 577 2684 .-

423 2734 506 2806 Quae
527 2734 616 2814 igitur
640 2734 742 2811 verba,
763 2736 789 2796 si
811 2752 850 2796 ne
872 2737 1001 2798 Baoonis
1022 2735 1142 2817 quidam
1162 2737 1240 2813 sint,
1273 2735 1372 2794 incer-

340 2837 398 2897 tius
420 2837 508 2896 etiam
531 2842 592 2911 est,
628 2851 697 2895 num
728 2838 786 2897 sint
816 2836 975 2918 Erigonae.
1017 2837 1109 2912 Esto;
1147 2837 1309 2898 habeantur
1346 2838 1375 2892 et

340 2937 472 3000 Bacenis
493 2934 699 3016 etErigenae.
743 2937 820 3010 Quid
853 2938 946 2999 indo?
985 2938 1060 3000 Num
1082 2938 1119 2999 do
1142 2957 1177 2999 ea
1202 2936 1377 3017 peregrina-

341 3039 423 3099 tione
445 3035 614 3116 loquuntur,
650 3055 737 3118 quam
761 3056 848 3117 supra
871 3038 1023 3101 diximus?
1042 3077 1082 3088 -
1104 3038 1287 3114 Corruerint‚
1318 3035 1378 3112 ubi,

342 3137 422 3218 quod
444 3154 515 3198 mox
537 3137 644 3202 facturi
665 3155 783 3214 sumus,
815 3141 955 3221 graviora
978 3159 1014 3202 ao
1038 3142 1166 3202 certiora
1189 3141 1260 3218 ipsis
1284 3154 1381 3216 oppo-

342 3239 549 3313 suerimusffi).
575 3275 614 3287 —
638 3239 869 3322 baradamque,
892 3241 941 3321 qui
964 3246 1074 3322 putent,
1105 3240 1152 3301 vel
1173 3256 1209 3300 ca
1231 3237 1268 3297 de
1290 3254 1381 3298 eausa

377 3475 426 3543 29)
444 3478 477 3531 cl.
497 3475 617 3528 Bruclrer.
638 3478 685 3528 l.l.
703 3494 729 3545 p.
751 3476 819 3542 6153
838 3475 934 3529 Thom.
956 3475 1030 3527 Gale.
1051 3476 1070 3524 l.
1083 3475 1100 3525 l.
1121 3474 1220 3525 testim.
1240 3491 1267 3544 p.
1287 3474 1311 3524 9.

376 3581 423 3649 30)
447 3582 482 3632 cs.
503 3583 554 3633 loc.
576 3581 648 3632 laud.
1024 3553 1025 3562 .

378 3687 425 3751 31)
444 3687 477 3742 o'l,
498 3688 596 3738 llistor.
617 3694 645 3738 ct
666 3687 749 3754 antiq.
770 3677 1042 3736 Unir.0xon.'1674
1063 3681 1110 3731 fol.
1131 3682 1188 3733 Lib.
1210 3685 1231 3738 l,
1248 3698 1276 3749 p.
1298 3680 1338 3732 15.

377 3793 424 3856 32)
442 3791 477 3843 cl.
498 3792 583 3842 lliorl.
603 3809 628 3860 p.
646 3789 767 3854 38-39;
786 3789 998 3841 Staurlenmnier.
1020 3804 1046 3855 p.
1068 3783 1213 3837 145-247.

378 3896 425 3965 33)
447 3896 570 3947 Ceterum
591 3895 672 3946 etiem
695 3897 737 3944 br.
760 3892 908 3957 flechiam,
940 3893 971 3942 V.
991 3891 1123 3960 ct.‚his,
1157 3906 1226 3958 spirae
1246 3888 1381 3946 dicuntur,

442 3985 573 4050 Erigonae
594 3983 689 4042 verbis,
709 3990 811 4033 nictum
831 3998 889 4032 esse
906 3986 1035 4048 apparet5
1063 3975 1211 4026 concedens
1231 3977 1301 4026 enirn
1321 3975 1350 4040 (l.
1364 3976 1380 4024 l.

448 4090 475 4142 p.
494 4071 540 4140 35)
559 4069 593 4123 <io
613 4069 753 4121 itineribus
772 4070 809 4118 itu
828 4067 936 4118 scribit:
960 4067 1009 4129 „Er
1028 4063 1087 4114 kam
1109 4063 1176 4113 nach
1195 4079 1302 4129 grosoen
1321 4062 1382 4113 llei-

448 4177 503 4223 son,
524 4158 566 4210 dte
587 4174 614 4208 er
634 4174 680 4207 zur
700 4153 873 4222 htrlsuclrung
892 4149 1124 4224 philosoplriacber
1143 4147 1242 4206 Wcrke
1272 4148 1327 4200 und
1347 4149 1382 4199 ior
1489 4145 1490 4168 ¹
