3010 4946
1126 427 1183 490 195

243 611 311 676 ltlos
333 616 431 674 nutem
454 611 504 692 qui
528 610 557 672 in
592 607 710 690 llegetil
739 607 830 669 verba
846 607 990 687 luramnt,
1011 609 1103 691 longe
1127 609 1185 672 alia
1261 661 1262 670 ,

88 739 97 766 s
142 715 270 790 rahoue,
294 731 330 776 ao
359 713 511 788 Nostrum,
539 712 570 773 in
607 711 680 771 istas
705 709 864 789 opiniones
895 710 1035 791 delapsos
1058 718 1187 773 constat.

241 814 398 895 Postquam
428 814 519 894 igitur
541 811 834 886 demonstravimus,
863 810 966 889 quales
989 829 1107 893 poenae
1130 817 1190 876 sint

145 916 272 993 loturae,
293 915 331 977 ad
355 914 481 978 alteram
505 913 713 994 quaestionem
734 912 989 994 progrediendum
1012 921 1067 976 est.

226 1016 262 1093 b)
285 1016 342 1090 Qui
368 1017 427 1077 sint
446 1011 615 1096 puniendi?
636 1047 678 1062 -

242 1116 327 1177 llaeo
360 1118 497 1196 quaestio
532 1131 608 1176 vana
637 1114 767 1178 fortasse
801 1114 948 1176 videatur.
995 1115 1026 1176 Si
1059 1115 1107 1193 qui
1130 1115 1191 1176 sint

144 1216 298 1297 puniendi,
337 1223 419 1278 certe
451 1215 621 1296 puniendos
655 1233 724 1278 esse
756 1215 894 1278 homines
925 1213 1041 1293 impios.
1080 1254 1120 1266 -
1150 1216 1191 1278 At

146 1317 223 1398 apud
253 1317 373 1380 Scotum
403 1333 453 1379 res
486 1322 535 1377 est
564 1316 724 1378 admodum
759 1332 880 1396 magna.
947 1313 1057 1376 Scribit
1094 1316 1189 1382 enim:

149 1419 248 1498 „ipsos
271 1418 409 1479 homines
445 1417 553 1496 impios
583 1415 612 1480 h.
634 1434 662 1478 e.
689 1417 845 1496 impiorum
862 1415 1019 1476 hominum
1043 1421 1190 1495 naturam,

149 1519 361 1592 substantiam,
389 1523 493 1596 utpote
523 1533 600 1598 quae
629 1517 667 1580 ab
697 1519 763 1597 ipso
798 1517 856 1578 deo
885 1515 1021 1596 prolecta
1042 1517 1090 1592 sit,
1110 1516 1190 1578 nullo

147 1625 236 1698 pacto
267 1632 357 1697 posse
383 1619 510 1697 puniri.“
541 1655 582 1666 -
619 1619 668 1697 (V,
694 1619 829 1696 30-31,
856 1617 917 1694 353
938 1616 975 1677 de
996 1617 1102 1696 praed.
1126 1635 1191 1699 sup.

149 1737 214 1801 cap.
238 1719 301 1793 lV.)
330 1719 450 1798 ,Neque
483 1718 559 1780 haec
590 1720 697 1798 poenis
729 1726 775 1779 est
798 1718 899 1798 digua,
922 1733 1009 1796 quum
1033 1718 1095 1796 ipsa
1120 1716 1193 1780 nihil

147 1825 254 1900 peccet
273 1825 323 1881 aut
344 1836 475 1898 peceare
497 1825 612 1899 queat.“
635 1819 690 1893 (ol.
713 1826 740 1892 §.
763 1819 814 1898 ot,
835 1818 873 1896 A,
895 1816 934 1894 l.)

248 1919 447 1982 Nihilominus
480 1927 645 2000 ,tormenta
678 1920 747 1997 illa,
776 1933 869 2000 (quae
897 1935 1016 1999 poenae
1042 1918 1193 1994 dicuntur)

154 2021 282 2082 naturali
314 2021 474 2099 subiecto,
509 2020 587 2101 quod
627 2026 795 2100 torqueant,
828 2037 934 2082 carere
956 2035 1018 2081 non
1040 2025 1195 2099 ροεεεηι.ιι

150 2121 201 2197 ιι,
221 2121 261 2182 30
283 2131 384 2201 serub

250 2221 334 2294 Quae
358 2219 493 2299 ,nodosa
518 2215 672 2298 perplexio
694 2224 730 2279 ut
753 2216 985 2294 iustesolvatur,
1005 2217 1194 2280 statuendum

152 2326 216 2395 est,
247 2321 343 2400 puniri
374 2319 506 2400 aliquid,
542 2319 621 2398 quod
657 2328 717 2380 oon
747 2320 785 2380 sit
805 2312 981 2397 substantia,
1004 2319 1195 2386 sedtantum

151 2420 336 2484 substantiae
373 2420 550 2497 inhaerens,
585 2420 624 2480 ita
648 2426 756 2496 tamen,
778 2426 810 2481 ut
832 2419 995 2499 haeoipsa
1031 2419 1195 2482 substantia

152 2514 236 2580 oanni
272 2537 369 2599 poena
403 2526 522 2580 maneat
558 2518 679 2580 liberas‘
712 2557 749 2568 -
791 2517 845 2580 Est
875 2525 973 2581 autem
1010 2519 1196 2582 substantiae

38 2697 40 2702 Ι
153 2623 300 2684 humanae
333 2622 494 2682 inhaerens
522 2639 667 2700 perversa
698 2622 754 2682 ista
783 2621 940 2684 voluntas:
969 2626 1000 2681 et
1021 2619 1097 2682 baec
1120 2622 1197 2701 ipsa,

154 2721 403 2801 quemadmodum
436 2737 490 2783 suo
521 2721 615 2784 Marte
650 2729 773 2801 peccat,
806 2722 846 2786 ita
876 2719 967 2783 etiam
1002 2720 1067 2782 sola
1087 2739 1142 2801 per
1163 2739 1197 2784 se

153 2825 291 2902 punitur;
324 2819 572 2902 quemadmodum
595 2822 729 2902 peccatis
753 2823 816 2884 suls
835 2822 970 2900 unturale
995 2821 1116 2900 bouum,
1138 2837 1198 2884 na-

153 2928 248 2985 turam
269 2921 435 2999 humanam,
456 2923 502 2984 oui
527 2921 679 3001 inhaeret,
702 2925 824 2985 omnino
848 2940 908 2985 non
942 2924 1134 3000 contaminat,
1152 2922 1198 2984 iia

154 3039 252 3102 neque
268 3025 430 3084 tormentis
467 3023 553 3099 suis,
588 3023 694 3107 quibus
715 3024 844 3103 punitur,
865 3015 1001 3084 naturale
1022 3023 1200 3100 subiectum,

156 3124 240 3183 cuiuis
259 3124 322 3202 ipsa
354 3129 399 3184 est
421 3123 581 3202 accidens,
613 3130 642 3186 et
665 3125 694 3185 iu
719 3141 777 3204 quo
801 3125 981 3200 continetur,
1003 3123 1060 3184 ulla
1082 3125 1199 3184 ratione

154 3227 281 3302 torquet.
336 3221 441 3302 ltaque
468 3225 689 3288 irrationabiles
723 3233 820 3288 motus
849 3224 993 3288 malarum
1014 3224 1200 3286 voluntatum

155 3324 313 3401 puniuntur
345 3323 375 3385 iu
405 3323 469 3398 his,
504 3325 552 3406 qui
589 3332 724 3387 naturam
757 3327 865 3388 bonam
889 3332 918 3387 el
941 3325 1148 3388 rationabilem
1170 3332 1200 3388 et

157 3421 369 3499 impassibilem
393 3425 599 3505 participant.“
621 3461 658 3474 -
682 3427 733 3504 (V,
753 3427 875 3489 30-31
895 3427 956 3504 [ed.
974 3427 1029 3488 Ox.
1050 3444 1077 3507 p.
1097 3423 1201 3490 967-
1322 3497 1328 3520 x

157 3516 259 3598 9704)
316 3525 398 3601 „Non
432 3527 528 3588 minus
563 3527 653 3612 igitur
689 3527 719 3588 in
744 3528 829 3589 malls
852 3526 1037 3604 hominibus,
1060 3545 1146 3607 quam
1168 3529 1200 3589 in

158 3621 247 3683 bonis
271 3660 308 3672 -
332 3624 438 3703 salva,
474 3629 611 3709 integra,
649 3628 903 3705 incontaminata,
945 3629 1024 3690 omni
1057 3629 1200 3708 passione

159 3723 311 3783 contraria
346 3726 483 3788 immunis
503 3729 560 3789 erit
579 3733 608 3788 et
629 3743 748 3806 semper
777 3730 835 3790 erit
856 3735 960 3800 natura
983 3728 1129 3790 humana:
1153 3733 1200 3788 at-

158 3829 258 3884 tamen
295 3824 513 3888 contrarlarum
548 3826 737 3906 qualitatum,
771 3829 915 3891 bonarum
945 3827 1015 3890 dico
1038 3827 1200 3890 malarum-

157 3939 216 4002 que
240 3924 434 4003 voluntatum,
459 3927 573 3991 virtutls
594 3928 853 4009 ignorniolaeque“
876 3968 917 3980 -
941 3937 971 3992 et
991 3929 1048 3992 baa
1070 3930 1201 4011 denique

156 4025 273 4182 ratqqrqa
294 4027 399 4184 ,eqiam
423 4029 639 4090 bunuariorum
662 4027 835 4106 passionum
858 4037 905 4091 est
926 4035 1048 4109 oapaxt‘
1071 4063 1111 4078 --
1133 4028 1200 4105 (ll.

151 4138 184 4202 p.
280 4127 329 4186 -9
357 4127 398 4201 ¹·l
