3010 4946
1168 458 1208 520 el

171 636 467 703 animadvertendum
500 641 563 714 est,
585 635 686 699 ultimo
714 637 812 700 hocce
834 637 904 702 loeo
928 657 994 702 cem
1019 641 1114 721 ipsam
1136 655 1212 720 rem,

166 759 253 822 quem
276 739 437 800 essentiam
456 737 564 800 Scotus
587 743 687 816 vocat,
710 741 801 799 etiem
821 740 1007 802 substantiae
1025 742 1147 803 nomine
1168 742 1206 802 eb

167 840 383 921 coappellari,
413 855 470 899 nec
497 855 557 898 non
579 839 652 899 sutis
675 846 816 900 accurate
836 841 877 901 ile
900 841 1054 919 describi,
1076 849 1107 903 ιιι
1136 861 1211 906 vere

167 961 204 1004 ac
233 941 353 1020 proprie
385 923 580 1001 substantiam
612 954 782 1019 agnoscere
814 943 918 1022 coacti
942 943 1045 1004 simus.
1098 940 1131 1003 ln
1155 959 1211 1004 se·
1292 936 1295 944 '

168 1043 267 1104 cundo
290 1040 328 1102 de
363 1039 422 1100 div.
452 1045 512 1100 nat.
547 1045 629 1117 (cap.
654 1045 718 1116 iq:
749 1039 872 1118 ,Quum
891 1041 948 1118 ait,
974 1043 1018 1120 ,si
1044 1049 1211 1104 creatorem

168 1143 300 1206 creatori
333 1139 506 1202 adiunxeris
527 1175 567 1188 -
590 1139 630 1200 ita
660 1146 692 1200 ut
722 1139 794 1201 nihil
823 1140 903 1202 aliud
938 1142 969 1202 in
996 1159 1033 1202 ea
1061 1141 1210 1222 intelligas

169 1247 291 1325 praeter
311 1242 415 1320 ipsum,
440 1240 488 1320 qui
511 1239 594 1302 solus
609 1257 682 1300 vere
704 1240 888 1303 esti-Nil
909 1241 989 1304 enim
1009 1247 1093 1304 extra
1114 1243 1210 1320 ipsum

165 1359 240 1405 vere
265 1342 427 1402 essentiale
447 1340 575 1418 dicitur,
612 1343 681 1420 quia
704 1341 824 1418 omnia,
847 1357 922 1419 quae
947 1341 984 1402 ab
1008 1358 1045 1403 co
1069 1347 1149 1418 sunt,
1169 1341 1210 1404 nil

167 1444 247 1508 aliud
267 1449 353 1520 sunt,
387 1445 418 1503 in
441 1447 582 1520 quantum
603 1447 683 1518 sunt,
704 1441 761 1502 nisi
781 1442 969 1522 participatio
994 1443 1096 1522 ipsius,
1119 1443 1169 1523 qui
1190 1459 1209 1504 a

168 1563 201 1607 sc
222 1546 287 1623 ipso
312 1542 403 1612 solus.
416 1559 470 1621 per
491 1557 525 1602 se
550 1541 644 1621 ipsum
666 1541 813 1606 subsistit.
854 1543 928 1604 Num
948 1543 1093 1624 negabis,
1116 1560 1208 1604 crea-

170 1651 263 1706 torem
279 1645 316 1704 'et
341 1647 508 1703 creaturam
530 1655 619 1701 unum
637 1641 733 1704 esse?
757 1677 796 1690 -
816 1641 884 1706 Nou
911 1641 1014 1706 leoile:
1036 1643 1107 1706 huie
1128 1643 1208 1706 enim

167 1746 309 1808 resistere
328 1741 522 1805 ridiculosum
538 1741 697 1806 videtur“t

634 1887 663 1956 p.
688 1877 734 1939 rs.

247 1993 312 2058 Huc
342 1985 411 2055 item
442 1999 489 2055 est
510 1993 721 2071 referendum,
755 1994 834 2073 quod
856 1995 966 2057 Noster
987 1999 1062 2075 (sup.
1085 1999 1119 2068 §.‘
1140 1992 1205 2072 14.)

168 2093 311 2174 affirmat,
344 2094 402 2156 deo
433 2094 506 2155 nihil
538 2112 660 2174 prorsus
700 2095 827 2173 opponi,
848 2112 904 2174 qne
928 2077 961 2154 re
982 2093 1051 2172 fiat,
1075 2100 1116 2171 ut,
1139 2112 1206 2156 cum

171 2197 354 2274 ,essentiae“
387 2201 554 2275 opponatur
588 2196 767 2274 ,nihilum“,
788 2175 875 2256 ,deus
912 2213 973 2256 non
1003 2196 1041 2256 sit
1063 2196 1206 2273 essentia,

169 2297 225 2360 sed
246 2297 330 2377 plus,
367 2315 455 2376 quam
494 2298 625 2356 essentia
658 2297 725 2357 sive
755 2295 1042 2376 supperessentielis
1084 2295 1157 2357 Nam
1180 2294 1208 2357 si

165 2413 226 2458 non
249 2403 303 2474 est,
326 2397 405 2478 quod
428 2396 485 2458 deo
508 2403 690 2476 opponetur,
721 2396 780 2458 hoo
804 2403 886 2457 certe
907 2395 1134 2458 concedendum
1154 2413 1207 2457 ar-

163 2497 324 2576 bitramur,
345 2497 417 2558 nihil
438 2515 509 2578 esse
533 2504 655 2578 praeter
689 2496 775 2558 deum
798 2497 826 2557 h.
852 2515 880 2558 e.
902 2497 989 2558 deum
1012 2513 1091 2574 esse,
1115 2493 1206 2576 quid-

166 2598 236 2678 quid
259 2605 315 2659 est.
336 2597 399 2658 Hac
424 2604 525 2659 eutem·
544 2615 578 2658 re
601 2597 691 2658 missa
704 2613 863 2676 sequamur
883 2597 1102 2658 consectarium
1123 2595 1206 2675 illud,

166 2697 245 2778 quod
265 2699 372 2762 Scotus
395 2698 459 2776 ipse
480 2697 643 2777 proposuit,
666 2695 762 2776 deum,
785 2715 883 2781 quum
898 2697 1082 2775 ,essentiee“
1105 2711 1205 2774 oppo-

161 2803 252 2860 natur
276 2795 448 2876 ,nihilunq‘f
468 2815 529 2858 non
552 2797 723 2873 essentiam,
746 2797 800 2858 sed
823 2796 897 2876 plue,
930 2809 1016 2876 quam
1041 2797 1203 2856 essentiam

165 2917 234 2962 esse
257 2900 322 2960 sive
346 2899 656 2978 supperessentialem.
700 2898 781 2960 Haec
803 2897 892 2978 igitur
913 2896 1204 2978 superessentialitas

163 3005 322 3078 propterea
356 2997 393 3057 de
425 3001 544 3059 numine
590 2997 691 3059 divino
726 2998 971 3076 praediceturssj,
1006 2995 1085 3076 quod
1114 3011 1204 3075 supra

164 3097 243 3159 illam
266 3099 482 3177 „essentiane
515 3099 563 3160 cui
591 3099 749 3178 opponitur
781 3097 950 3176 ,nihilnm“
984 3110 1064 3178 (sup.
1088 3101 1115 3170 §.
1147 3097 1204 3174 8.],

166 3199 207 3260 ita
230 3198 450 3279 quodammodo
473 3200 512 3261 sit
533 3200 732 3275 constitutum,
753 3205 784 3259 ut
803 3199 896 3278 ipsum
918 3201 957 3261 sit
978 3200 1063 3279 quasi
1086 3198 1203 3259 tertium

164 3299 405 3381 quoddamque
429 3299 490 3379 illa,
512 3318 588 3380 quae
611 3301 688 3362 inter
709 3317 744 3362 se
760 3305 832 3362 sunt
851 3300 998 3380 opposita,
1011 3297 1097 3361 simul
1120 3314 1202 3360 com·
1237 3344 1244 3360 ,

166 3489 395 3505 Μ

218 3629 246 3701 8)
265 3629 435 3700 Qunmquam
461 3631 521 3682 altis
539 3631 605 3683 locis
625 3633 706 3684 etium
734 3631 792 3682 aliis
812 3631 947 3682 decausis
965 3645 1065 3681 numen
1083 3629 1203 3682 divinum

264 3719 362 3770 dicitur
387 3720 626 3786 superessentiale,
655 3721 730 3770 velut
758 3719 837 3780 ideo,
871 3717 944 3788 quod
964 3735 1043 3786 supra
1061 3719 1150 3770 omnia
1169 3720 1203 3768 il-
1294 3742 1298 3746 ·

263 3806 417 3857 lustriorem
446 3807 522 3874 quasi
543 3808 674 3857 essentiae
701 3807 788 3857 locum
808 3806 947 3867 obtineat,
972 3803 1047 3875 quod
1067 3806 1203 3857 nomnium

268 3894 444 3947 essentiarum
465 3893 525 3944 lons
537 3894 591 3954 sit«
614 3923 647 3934 -
666 3902 693 3944 et
712 3911 780 3962 quae
798 3901 861 3944 suut
880 3895 983 3962 generis
998 3894 1132 3944 eiusdem.
1148 3892 1202 3943 Sed

261 3987 334 4030 nunc
363 3998 417 4032 non
449 3987 488 4032 eat
516 3979 559 4030 his
587 3980 668 4032 locus.
713 3982 777 4032 llles
803 3989 893 4032 entem
921 3981 1113 4050 explicationes
1138 3979 1202 4030 huie

264 4074 386 4130 nostrae,
417 4083 495 4136 qnam
525 4065 577 4118 hoc
598 4068 658 4120 loco
677 4067 870 4138 proponimus,
889 4067 959 4120 nihil
980 4066 1202 4132 reluctarentur

264 4148 297 4218 (§·
316 4152 373 4229 22.)
392 4151 594 4206 declarabimus.
614 4179 648 4194 -
