<?xml version="1.0" encoding="UTF-8"?>
<!DOCTYPE html PUBLIC "-//W3C//DTD XHTML 1.0 Transitional//EN"
    "http://www.w3.org/TR/xhtml1/DTD/xhtml1-transitional.dtd">
<html xmlns="http://www.w3.org/1999/xhtml" xml:lang="en" lang="en">
 <head>
  <title>
</title>
<meta http-equiv="Content-Type" content="text/html;charset=utf-8" />
  <meta name='ocr-system' content='tesseract 3.04.00' />
  <meta name='ocr-capabilities' content='ocr_page ocr_carea ocr_par ocr_line ocrx_word'/>
</head>
<body>
  <div class='ocr_page' id='page_1' title='image "./deioannescotoer01unkngoog_0047.png"; bbox 0 0 3014 4950; ppageno 0'>
   <div class='ocr_carea' id='block_1_1' title="bbox 303 432 347 494">
    <p class='ocr_par' dir='ltr' id='par_1_1' title="bbox 303 432 347 494">
     <span class='ocr_line' id='line_1_1' title="bbox 303 432 347 494; baseline 0 0"><span class='ocrx_word' id='word_1_1' title='bbox 303 432 347 494; x_wconf 82' lang='lat'><strong>38</strong></span> 
     </span>
    </p>
   </div>
   <div class='ocr_carea' id='block_1_2' title="bbox 240 603 1358 2877">
    <p class='ocr_par' dir='ltr' id='par_1_2' title="bbox 302 603 1358 1188">
     <span class='ocr_line' id='line_1_2' title="bbox 304 603 1344 690; baseline 0.005 -24"><span class='ocrx_word' id='word_1_2' title='bbox 304 611 336 666; x_wconf 87' lang='lat' dir='ltr'><strong>nl</strong></span> <span class='ocrx_word' id='word_1_3' title='bbox 356 605 396 665; x_wconf 90' lang='lat' dir='ltr'><strong>ila</strong></span> <span class='ocrx_word' id='word_1_4' title='bbox 419 603 563 680; x_wconf 83' lang='lat' dir='ltr'><strong>dicamus,</strong></span> <span class='ocrx_word' id='word_1_5' title='bbox 587 603 792 666; x_wconf 57' lang='lat' dir='ltr'><strong>defenderant,</strong></span> <span class='ocrx_word' id='word_1_6' title='bbox 836 606 933 684; x_wconf 85' lang='lat' dir='ltr'><strong>lllque</strong></span> <span class='ocrx_word' id='word_1_7' title='bbox 954 604 1040 682; x_wconf 87' lang='lat' dir='ltr'><strong>haec,</strong></span> <span class='ocrx_word' id='word_1_8' title='bbox 1061 606 1193 687; x_wconf 62' lang='lat' dir='ltr'><strong>idunan</strong></span> <span class='ocrx_word' id='word_1_9' title='bbox 1216 627 1302 690; x_wconf 86' lang='lat' dir='ltr'><strong>supra</strong></span> <span class='ocrx_word' id='word_1_10' title='bbox 1326 628 1344 672; x_wconf 86' lang='lat' dir='ltr'><strong>a</strong></span> 
     </span>
     <span class='ocr_line' id='line_1_3' title="bbox 305 701 1358 784; baseline 0.006 -18"><span class='ocrx_word' id='word_1_11' title='bbox 305 701 393 766; x_wconf 89' lang='lat' dir='ltr'><strong>nobis</strong></span> <span class='ocrx_word' id='word_1_12' title='bbox 415 705 582 784; x_wconf 84' lang='lat' dir='ltr'><strong>exposilnm</strong></span> <span class='ocrx_word' id='word_1_13' title='bbox 607 709 662 780; x_wconf 83' lang='lat' dir='ltr'><strong>esi,</strong></span> <span class='ocrx_word' id='word_1_14' title='bbox 682 711 746 766; x_wconf 84' lang='lat' dir='ltr'><strong>lolo</strong></span> <span class='ocrx_word' id='word_1_15' title='bbox 766 704 856 766; x_wconf 82' lang='lat' dir='ltr'><strong>eoelu</strong></span> <span class='ocrx_word' id='word_1_16' title='bbox 879 706 956 767; x_wconf 87' lang='lat' dir='ltr'><strong>inler</strong></span> <span class='ocrx_word' id='word_1_17' title='bbox 976 723 1011 768; x_wconf 89' lang='lat' dir='ltr'><strong>sc</strong></span> <span class='ocrx_word' id='word_1_18' title='bbox 1031 705 1179 770; x_wconf 88' lang='lat' dir='ltr'><strong>dillerunl.</strong></span> <span class='ocrx_word' id='word_1_19' title='bbox 1202 745 1240 758; x_wconf 88' lang='lat'><em>-</em></span> <span class='ocrx_word' id='word_1_20' title='bbox 1271 711 1358 772; x_wconf 87' lang='lat' dir='ltr'><strong>lllml·</strong></span> 
     </span>
     <span class='ocr_line' id='line_1_4' title="bbox 306 805 1347 889; baseline 0.003 -20"><span class='ocrx_word' id='word_1_21' title='bbox 306 809 417 888; x_wconf 86' lang='lat' dir='ltr'><strong>ubique</strong></span> <span class='ocrx_word' id='word_1_22' title='bbox 437 806 496 868; x_wconf 85' lang='lat' dir='ltr'><strong>sibi</strong></span> <span class='ocrx_word' id='word_1_23' title='bbox 517 805 754 887; x_wconf 79' lang='lat' dir='ltr'><strong>aggrediendum</strong></span> <span class='ocrx_word' id='word_1_24' title='bbox 774 808 966 887; x_wconf 80' lang='lat' dir='ltr'><strong>sumpsil¹l);</strong></span> <span class='ocrx_word' id='word_1_25' title='bbox 995 809 1025 870; x_wconf 94' lang='lat' dir='ltr'><strong>in</strong></span> <span class='ocrx_word' id='word_1_26' title='bbox 1047 808 1106 871; x_wconf 85' lang='lat' dir='ltr'><strong>huc</strong></span> <span class='ocrx_word' id='word_1_27' title='bbox 1127 810 1264 889; x_wconf 88' lang='lat' dir='ltr'><strong>impelum</strong></span> <span class='ocrx_word' id='word_1_28' title='bbox 1288 811 1347 872; x_wconf 86' lang='lat' dir='ltr'><strong>ali-</strong></span> 
     </span>
     <span class='ocr_line' id='line_1_5' title="bbox 304 905 1346 990; baseline 0 -20"><span class='ocrx_word' id='word_1_29' title='bbox 304 926 390 988; x_wconf 86' lang='lat' dir='ltr'><strong>quem</strong></span> <span class='ocrx_word' id='word_1_30' title='bbox 415 923 482 968; x_wconf 87' lang='lat' dir='ltr'><strong>enm</strong></span> <span class='ocrx_word' id='word_1_31' title='bbox 504 905 614 968; x_wconf 84' lang='lat' dir='ltr'><strong>secisse</strong></span> <span class='ocrx_word' id='word_1_32' title='bbox 644 907 903 983; x_wconf 85' lang='lat' dir='ltr'><strong>concesserimus,</strong></span> <span class='ocrx_word' id='word_1_33' title='bbox 935 906 1005 968; x_wconf 86' lang='lat' dir='ltr'><strong>ideo</strong></span> <span class='ocrx_word' id='word_1_34' title='bbox 1039 907 1118 986; x_wconf 83' lang='lat' dir='ltr'><strong>quud</strong></span> <span class='ocrx_word' id='word_1_35' title='bbox 1147 909 1224 972; x_wconf 89' lang='lat' dir='ltr'><strong>inler</strong></span> <span class='ocrx_word' id='word_1_36' title='bbox 1251 927 1346 990; x_wconf 83' lang='lat' dir='ltr'><strong>argu-</strong></span> 
     </span>
     <span class='ocr_line' id='line_1_6' title="bbox 303 1005 1346 1091; baseline 0.002 -21"><span class='ocrx_word' id='word_1_37' title='bbox 303 1015 414 1086; x_wconf 87' lang='lat' dir='ltr'><strong>rnenla,</strong></span> <span class='ocrx_word' id='word_1_38' title='bbox 436 1006 542 1086; x_wconf 87' lang='lat' dir='ltr'><strong>quibus</strong></span> <span class='ocrx_word' id='word_1_39' title='bbox 564 1005 634 1068; x_wconf 86' lang='lat' dir='ltr'><strong>illud</strong></span> <span class='ocrx_word' id='word_1_40' title='bbox 651 1014 788 1069; x_wconf 82' lang='lat' dir='ltr'><strong>everlere</strong></span> <span class='ocrx_word' id='word_1_41' title='bbox 802 1007 925 1088; x_wconf 84' lang='lat' dir='ltr'><strong>sladuil,</strong></span> <span class='ocrx_word' id='word_1_42' title='bbox 948 1011 1143 1089; x_wconf 86' lang='lat' dir='ltr'><strong>reperiamur,</strong></span> <span class='ocrx_word' id='word_1_43' title='bbox 1163 1028 1242 1091; x_wconf 83' lang='lat' dir='ltr'><strong>quae</strong></span> <span class='ocrx_word' id='word_1_44' title='bbox 1256 1011 1346 1072; x_wconf 86' lang='lat' dir='ltr'><strong>cliam</strong></span> 
     </span>
     <span class='ocr_line' id='line_1_7' title="bbox 302 1105 730 1188; baseline -0.007 -16"><span class='ocrx_word' id='word_1_45' title='bbox 302 1109 372 1172; x_wconf 85' lang='lat' dir='ltr'><strong>huic</strong></span> <span class='ocrx_word' id='word_1_46' title='bbox 396 1107 531 1188; x_wconf 87' lang='lat' dir='ltr'><strong>appusila</strong></span> <span class='ocrx_word' id='word_1_47' title='bbox 553 1105 666 1168; x_wconf 76' lang='lat' dir='ltr'><strong>dixeris</strong></span> <span class='ocrx_word' id='word_1_48' title='bbox 679 1111 730 1185; x_wconf 82' lang='lat'><strong>¹⁸).</strong></span> 
     </span>
    </p>

    <p class='ocr_par' dir='ltr' id='par_1_3' title="bbox 240 1206 1346 1891">
     <span class='ocr_line' id='line_1_8' title="bbox 386 1206 1344 1288; baseline 0 -18"><span class='ocrx_word' id='word_1_49' title='bbox 386 1207 484 1288; x_wconf 78' lang='lat' dir='ltr'><strong>eliqua</strong></span> <span class='ocrx_word' id='word_1_50' title='bbox 508 1206 546 1269; x_wconf 79' lang='lat' dir='ltr'><strong>(le</strong></span> <span class='ocrx_word' id='word_1_51' title='bbox 572 1206 621 1268; x_wconf 91' lang='lat' dir='ltr'><strong>illo</strong></span> <span class='ocrx_word' id='word_1_52' title='bbox 644 1214 693 1268; x_wconf 88' lang='lat' dir='ltr'><strong>aul</strong></span> <span class='ocrx_word' id='word_1_53' title='bbox 715 1208 796 1268; x_wconf 84' lang='lat' dir='ltr'><strong>viclo</strong></span> <span class='ocrx_word' id='word_1_54' title='bbox 818 1213 869 1268; x_wconf 91' lang='lat' dir='ltr'><strong>aul</strong></span> <span class='ocrx_word' id='word_1_55' title='bbox 890 1225 950 1270; x_wconf 93' lang='lat' dir='ltr'><strong>non</strong></span> <span class='ocrx_word' id='word_1_56' title='bbox 973 1209 1053 1270; x_wconf 86' lang='lat' dir='ltr'><strong>viclo</strong></span> <span class='ocrx_word' id='word_1_57' title='bbox 1082 1209 1160 1271; x_wconf 88' lang='lat' dir='ltr'><strong>inler</strong></span> <span class='ocrx_word' id='word_1_58' title='bbox 1186 1225 1256 1286; x_wconf 84' lang='lat' dir='ltr'><strong>eus,</strong></span> <span class='ocrx_word' id='word_1_59' title='bbox 1287 1207 1344 1270; x_wconf 83' lang='lat' dir='ltr'><strong>arl-</strong></span> 
     </span>
     <span class='ocr_line' id='line_1_9' title="bbox 305 1306 1345 1390; baseline 0.002 -22"><span class='ocrx_word' id='word_1_60' title='bbox 305 1323 507 1388; x_wconf 27' lang='lat' dir='ltr'><strong>versuanuos</strong></span> <span class='ocrx_word' id='word_1_61' title='bbox 527 1306 618 1368; x_wconf 85' lang='lat' dir='ltr'><strong>Scala</strong></span> <span class='ocrx_word' id='word_1_62' title='bbox 642 1324 692 1368; x_wconf 90' lang='lat' dir='ltr'><strong>res</strong></span> <span class='ocrx_word' id='word_1_63' title='bbox 715 1314 796 1368; x_wconf 78' lang='lat' dir='ltr'><strong>esset</strong></span> <span class='ocrx_word' id='word_1_64' title='bbox 816 1307 962 1390; x_wconf 82' lang='lat' dir='ltr'><strong>gerenda,</strong></span> <span class='ocrx_word' id='word_1_65' title='bbox 991 1325 1031 1369; x_wconf 89' lang='lat' dir='ltr'><strong>ne</strong></span> <span class='ocrx_word' id='word_1_66' title='bbox 1050 1309 1204 1371; x_wconf 84' lang='lat' dir='ltr'><strong>mulinisse</strong></span> <span class='ocrx_word' id='word_1_67' title='bbox 1227 1308 1345 1388; x_wconf 87' lang='lat' dir='ltr'><strong>quidem</strong></span> 
     </span>
     <span class='ocr_line' id='line_1_10' title="bbox 303 1407 1346 1490; baseline 0.001 -21"><span class='ocrx_word' id='word_1_68' title='bbox 303 1407 471 1469; x_wconf 87' lang='lat' dir='ltr'><strong>invenimus</strong></span> <span class='ocrx_word' id='word_1_69' title='bbox 496 1424 688 1486; x_wconf 90' lang='lat' dir='ltr'><strong>quemquam;</strong></span> <span class='ocrx_word' id='word_1_70' title='bbox 710 1408 764 1487; x_wconf 92' lang='lat' dir='ltr'><strong>ipsi</strong></span> <span class='ocrx_word' id='word_1_71' title='bbox 787 1426 905 1488; x_wconf 84' lang='lat' dir='ltr'><strong>qunque</strong></span> <span class='ocrx_word' id='word_1_72' title='bbox 925 1409 995 1470; x_wconf 89' lang='lat' dir='ltr'><strong>illud</strong></span> <span class='ocrx_word' id='word_1_73' title='bbox 1018 1427 1130 1472; x_wconf 89' lang='lat' dir='ltr'><strong>summe</strong></span> <span class='ocrx_word' id='word_1_74' title='bbox 1154 1409 1346 1490; x_wconf 79' lang='lat' dir='ltr'><strong>improbare-</strong></span> 
     </span>
     <span class='ocr_line' id='line_1_11' title="bbox 303 1506 1345 1588; baseline 0.003 -19"><span class='ocrx_word' id='word_1_75' title='bbox 303 1511 384 1569; x_wconf 89' lang='lat' dir='ltr'><strong>ranl:</strong></span> <span class='ocrx_word' id='word_1_76' title='bbox 406 1506 466 1568; x_wconf 88' lang='lat' dir='ltr'><strong>hoc</strong></span> <span class='ocrx_word' id='word_1_77' title='bbox 488 1513 596 1584; x_wconf 87' lang='lat' dir='ltr'><strong>aulem,</strong></span> <span class='ocrx_word' id='word_1_78' title='bbox 615 1526 702 1588; x_wconf 90' lang='lat' dir='ltr'><strong>quam</strong></span> <span class='ocrx_word' id='word_1_79' title='bbox 723 1527 783 1570; x_wconf 90' lang='lat' dir='ltr'><strong>non</strong></span> <span class='ocrx_word' id='word_1_80' title='bbox 804 1510 912 1572; x_wconf 81' lang='lat' dir='ltr'><strong>vicium</strong></span> <span class='ocrx_word' id='word_1_81' title='bbox 927 1510 1172 1588; x_wconf 82' lang='lat' dir='ltr'><strong>exislimaverial,</strong></span> <span class='ocrx_word' id='word_1_82' title='bbox 1193 1511 1270 1573; x_wconf 86' lang='lat' dir='ltr'><strong>inl&#39;ra</strong></span> <span class='ocrx_word' id='word_1_83' title='bbox 1285 1510 1345 1572; x_wconf 78' lang='lat' dir='ltr'><strong>clu·</strong></span> 
     </span>
     <span class='ocr_line' id='line_1_12' title="bbox 304 1606 1346 1691; baseline 0.004 -23"><span class='ocrx_word' id='word_1_84' title='bbox 304 1608 501 1682; x_wconf 69' lang='lat' dir='ltr'><strong>ceninnsu).</strong></span> <span class='ocrx_word' id='word_1_85' title='bbox 544 1606 647 1688; x_wconf 83' lang='lat' dir='ltr'><strong>licque</strong></span> <span class='ocrx_word' id='word_1_86' title='bbox 668 1609 726 1670; x_wconf 92' lang='lat' dir='ltr'><strong>iam</strong></span> <span class='ocrx_word' id='word_1_87' title='bbox 749 1609 818 1671; x_wconf 87' lang='lat' dir='ltr'><strong>hinc</strong></span> <span class='ocrx_word' id='word_1_88' title='bbox 838 1611 911 1672; x_wconf 88' lang='lat' dir='ltr'><strong>salis</strong></span> <span class='ocrx_word' id='word_1_89' title='bbox 932 1615 1034 1689; x_wconf 79' lang='lat' dir='ltr'><strong>peiere</strong></span> <span class='ocrx_word' id='word_1_90' title='bbox 1055 1610 1245 1687; x_wconf 83' lang='lat' dir='ltr'><strong>arbitramur,</strong></span> <span class='ocrx_word' id='word_1_91' title='bbox 1268 1629 1346 1691; x_wconf 86' lang='lat' dir='ltr'><strong>quu-</strong></span> 
     </span>
     <span class='ocr_line' id='line_1_13' title="bbox 302 1708 1346 1791; baseline 0 -21"><span class='ocrx_word' id='word_1_92' title='bbox 302 1708 361 1770; x_wconf 92' lang='lat' dir='ltr'><strong>lem</strong></span> <span class='ocrx_word' id='word_1_93' title='bbox 382 1708 489 1770; x_wconf 88' lang='lat' dir='ltr'><strong>Seolus</strong></span> <span class='ocrx_word' id='word_1_94' title='bbox 509 1714 666 1787; x_wconf 77' lang='lat' dir='ltr'><strong>patronum</strong></span> <span class='ocrx_word' id='word_1_95' title='bbox 690 1710 801 1791; x_wconf 77' lang='lat' dir='ltr'><strong>agerii:</strong></span> <span class='ocrx_word' id='word_1_96' title='bbox 825 1709 984 1772; x_wconf 84' lang='lat' dir='ltr'><strong>nneenlicr</strong></span> <span class='ocrx_word' id='word_1_97' title='bbox 1004 1727 1127 1773; x_wconf 86' lang='lat' dir='ltr'><strong>suoram</strong></span> <span class='ocrx_word' id='word_1_98' title='bbox 1149 1728 1260 1774; x_wconf 83' lang='lat' dir='ltr'><strong>causae</strong></span> <span class='ocrx_word' id='word_1_99' title='bbox 1283 1709 1346 1789; x_wconf 85' lang='lat' dir='ltr'><strong>inii,</strong></span> 
     </span>
     <span class='ocr_line' id='line_1_14' title="bbox 240 1808 522 1891; baseline -0.004 -20"><span class='ocrx_word' id='word_1_100' title='bbox 240 1877 243 1886; x_wconf 35' lang='lat'><strong>,</strong></span> <span class='ocrx_word' id='word_1_101' title='bbox 304 1827 391 1891; x_wconf 85' lang='lat' dir='ltr'><strong>quarn</strong></span> <span class='ocrx_word' id='word_1_102' title='bbox 412 1808 522 1871; x_wconf 88' lang='lat' dir='ltr'><strong>ulilior.</strong></span> 
     </span>
    </p>

    <p class='ocr_par' dir='ltr' id='par_1_4' title="bbox 303 1899 1347 2594">
     <span class='ocr_line' id='line_1_15' title="bbox 384 1899 1344 1995; baseline 0.003 -24"><span class='ocrx_word' id='word_1_103' title='bbox 384 1908 538 1971; x_wconf 80' lang='lat' dir='ltr'><strong>Maximae</strong></span> <span class='ocrx_word' id='word_1_104' title='bbox 555 1915 652 1970; x_wconf 84' lang='lat' dir='ltr'><strong>aulem</strong></span> <span class='ocrx_word' id='word_1_105' title='bbox 672 1909 785 1986; x_wconf 84' lang='lat' dir='ltr'><strong>iarbae,</strong></span> <span class='ocrx_word' id='word_1_106' title='bbox 808 1899 935 1972; x_wconf 77' lang='lat' dir='ltr'><strong>inanima</strong></span> <span class='ocrx_word' id='word_1_107' title='bbox 957 1910 1108 1974; x_wconf 87' lang='lat' dir='ltr'><strong>hominum</strong></span> <span class='ocrx_word' id='word_1_108' title='bbox 1132 1917 1191 1974; x_wconf 86' lang='lat' dir='ltr'><strong>lum</strong></span> <span class='ocrx_word' id='word_1_109' title='bbox 1208 1911 1344 1995; x_wconf 82' lang='lat' dir='ltr'><strong>admira-</strong></span> 
     </span>
     <span class='ocr_line' id='line_1_16' title="bbox 305 2009 1344 2090; baseline 0 -16"><span class='ocrx_word' id='word_1_110' title='bbox 305 2011 346 2074; x_wconf 89' lang='lat' dir='ltr'><strong>lio</strong></span> <span class='ocrx_word' id='word_1_111' title='bbox 368 2016 429 2072; x_wconf 86' lang='lat' dir='ltr'><strong>lum</strong></span> <span class='ocrx_word' id='word_1_112' title='bbox 449 2009 615 2089; x_wconf 71' lang='lat' dir='ltr'><strong>indignaris</strong></span> <span class='ocrx_word' id='word_1_113' title='bbox 635 2016 714 2070; x_wconf 89' lang='lat' dir='ltr'><strong>mola</strong></span> <span class='ocrx_word' id='word_1_114' title='bbox 738 2016 806 2072; x_wconf 86' lang='lat' dir='ltr'><strong>sunl</strong></span> <span class='ocrx_word' id='word_1_115' title='bbox 827 2028 875 2086; x_wconf 88' lang='lat' dir='ltr'><strong>ec,</strong></span> <span class='ocrx_word' id='word_1_116' title='bbox 904 2010 983 2090; x_wconf 84' lang='lat' dir='ltr'><strong>quad</strong></span> <span class='ocrx_word' id='word_1_117' title='bbox 1005 2013 1087 2075; x_wconf 87' lang='lat' dir='ltr'><strong>Sccli</strong></span> <span class='ocrx_word' id='word_1_118' title='bbox 1106 2011 1183 2074; x_wconf 88' lang='lat' dir='ltr'><strong>liber</strong></span> <span class='ocrx_word' id='word_1_119' title='bbox 1203 2029 1344 2074; x_wconf 84' lang='lat' dir='ltr'><strong>suminam</strong></span> 
     </span>
     <span class='ocr_line' id='line_1_17' title="bbox 303 2109 1345 2194; baseline 0.001 -21"><span class='ocrx_word' id='word_1_120' title='bbox 303 2109 355 2173; x_wconf 90' lang='lat' dir='ltr'><strong>ille</strong></span> <span class='ocrx_word' id='word_1_121' title='bbox 376 2110 494 2194; x_wconf 80' lang='lat' dir='ltr'><strong>quiderp</strong></span> <span class='ocrx_word' id='word_1_122' title='bbox 517 2128 590 2191; x_wconf 85' lang='lat' dir='ltr'><strong>erga</strong></span> <span class='ocrx_word' id='word_1_123' title='bbox 614 2109 700 2173; x_wconf 86' lang='lat' dir='ltr'><strong>deum</strong></span> <span class='ocrx_word' id='word_1_124' title='bbox 719 2113 858 2190; x_wconf 88' lang='lat' dir='ltr'><strong>pielalem</strong></span> <span class='ocrx_word' id='word_1_125' title='bbox 879 2114 1022 2192; x_wconf 76' lang='lat' dir='ltr'><strong>spirensi,</strong></span> <span class='ocrx_word' id='word_1_126' title='bbox 1050 2119 1081 2174; x_wconf 86' lang='lat' dir='ltr'><strong>al</strong></span> <span class='ocrx_word' id='word_1_127' title='bbox 1103 2130 1249 2191; x_wconf 87' lang='lat' dir='ltr'><strong>errorum,</strong></span> <span class='ocrx_word' id='word_1_128' title='bbox 1277 2114 1345 2174; x_wconf 88' lang='lat' dir='ltr'><strong>ine-</strong></span> 
     </span>
     <span class='ocr_line' id='line_1_18' title="bbox 303 2213 1347 2295; baseline 0.002 -21"><span class='ocrx_word' id='word_1_129' title='bbox 303 2214 431 2294; x_wconf 83' lang='lat' dir='ltr'><strong>pilarum</strong></span> <span class='ocrx_word' id='word_1_130' title='bbox 453 2213 690 2294; x_wconf 81' lang='lat' dir='ltr'><strong>mirabiliumque</strong></span> <span class='ocrx_word' id='word_1_131' title='bbox 709 2230 825 2292; x_wconf 84' lang='lat' dir='ltr'><strong>rerum,</strong></span> <span class='ocrx_word' id='word_1_132' title='bbox 862 2233 935 2295; x_wconf 90' lang='lat' dir='ltr'><strong>quas</strong></span> <span class='ocrx_word' id='word_1_133' title='bbox 965 2214 1013 2276; x_wconf 89' lang='lat' dir='ltr'><strong>illa</strong></span> <span class='ocrx_word' id='word_1_134' title='bbox 1046 2220 1144 2276; x_wconf 88' lang='lat' dir='ltr'><strong>aelule</strong></span> <span class='ocrx_word' id='word_1_135' title='bbox 1176 2233 1233 2276; x_wconf 86' lang='lat' dir='ltr'><strong>nec</strong></span> <span class='ocrx_word' id='word_1_136' title='bbox 1253 2215 1347 2278; x_wconf 73' lang='lat' dir='ltr'><strong>l&#39;anllc</strong></span> 
     </span>
     <span class='ocr_line' id='line_1_19' title="bbox 304 2295 1345 2396; baseline -0.001 -21"><span class='ocrx_word' id='word_1_137' title='bbox 304 2313 510 2392; x_wconf 82' lang='lat' dir='ltr'><strong>audivissem,</strong></span> <span class='ocrx_word' id='word_1_138' title='bbox 541 2313 725 2376; x_wconf 77' lang='lat' dir='ltr'><strong>mullitudine</strong></span> <span class='ocrx_word' id='word_1_139' title='bbox 757 2315 887 2381; x_wconf 81' lang='lat' dir='ltr'><strong>resenas</strong></span> <span class='ocrx_word' id='word_1_140' title='bbox 910 2321 975 2377; x_wconf 87' lang='lat' dir='ltr'><strong>eral</strong></span> <span class='ocrx_word' id='word_1_141' title='bbox 994 2295 1117 2396; x_wconf 82' lang='lat' dir='ltr'><strong>ingenii.</strong></span> <span class='ocrx_word' id='word_1_142' title='bbox 1159 2314 1345 2395; x_wconf 72' lang='lat' dir='ltr'><strong>limignan,</strong></span> 
     </span>
     <span class='ocr_line' id='line_1_20' title="bbox 305 2413 1346 2495; baseline 0 -19"><span class='ocrx_word' id='word_1_143' title='bbox 305 2421 451 2494; x_wconf 84' lang='lat' dir='ltr'><strong>qualenus</strong></span> <span class='ocrx_word' id='word_1_144' title='bbox 470 2415 501 2475; x_wconf 94' lang='lat' dir='ltr'><strong>in</strong></span> <span class='ocrx_word' id='word_1_145' title='bbox 525 2414 778 2493; x_wconf 73' lang='lat' dir='ltr'><strong>praesentialem</strong></span> <span class='ocrx_word' id='word_1_146' title='bbox 802 2421 909 2495; x_wconf 86' lang='lat' dir='ltr'><strong>polcsl,</strong></span> <span class='ocrx_word' id='word_1_147' title='bbox 938 2415 1126 2493; x_wconf 74' lang='lat' dir='ltr'><strong>decimalem,</strong></span> <span class='ocrx_word' id='word_1_148' title='bbox 1155 2416 1213 2478; x_wconf 86' lang='lat' dir='ltr'><strong>ianr</strong></span> <span class='ocrx_word' id='word_1_149' title='bbox 1235 2413 1272 2476; x_wconf 88' lang='lat' dir='ltr'><strong>de</strong></span> <span class='ocrx_word' id='word_1_150' title='bbox 1295 2420 1346 2476; x_wconf 87' lang='lat' dir='ltr'><strong>lu-</strong></span> 
     </span>
     <span class='ocr_line' id='line_1_21' title="bbox 305 2512 833 2594; baseline 0.004 -18"><span class='ocrx_word' id='word_1_151' title='bbox 305 2514 363 2576; x_wconf 89' lang='lat' dir='ltr'><strong>lius</strong></span> <span class='ocrx_word' id='word_1_152' title='bbox 382 2514 450 2576; x_wconf 91' lang='lat' dir='ltr'><strong>libri</strong></span> <span class='ocrx_word' id='word_1_153' title='bbox 473 2531 585 2576; x_wconf 85' lang='lat' dir='ltr'><strong>summa</strong></span> <span class='ocrx_word' id='word_1_154' title='bbox 610 2512 833 2594; x_wconf 83' lang='lat' dir='ltr'><strong>dispulalrimus.</strong></span> 
     </span>
    </p>

    <p class='ocr_par' dir='ltr' id='par_1_5' title="bbox 306 2610 1348 2877">
     <span class='ocr_line' id='line_1_22' title="bbox 390 2610 1348 2686; baseline -0.001 -12"><span class='ocrx_word' id='word_1_155' title='bbox 390 2613 474 2686; x_wconf 86' lang='lat' dir='ltr'><strong>Quae</strong></span> <span class='ocrx_word' id='word_1_156' title='bbox 496 2631 609 2676; x_wconf 87' lang='lat' dir='ltr'><strong>summa</strong></span> <span class='ocrx_word' id='word_1_157' title='bbox 630 2613 687 2676; x_wconf 82' lang='lat' dir='ltr'><strong>hac</strong></span> <span class='ocrx_word' id='word_1_158' title='bbox 712 2614 776 2677; x_wconf 83' lang='lat' dir='ltr'><strong>lere</strong></span> <span class='ocrx_word' id='word_1_159' title='bbox 798 2615 827 2677; x_wconf 88' lang='lat' dir='ltr'><strong>in</strong></span> <span class='ocrx_word' id='word_1_160' title='bbox 848 2633 882 2676; x_wconf 88' lang='lat' dir='ltr'><strong>re</strong></span> <span class='ocrx_word' id='word_1_161' title='bbox 904 2620 1058 2676; x_wconf 86' lang='lat' dir='ltr'><strong>versalur:</strong></span> <span class='ocrx_word' id='word_1_162' title='bbox 1091 2631 1152 2676; x_wconf 90' lang='lat' dir='ltr'><strong>non</strong></span> <span class='ocrx_word' id='word_1_163' title='bbox 1182 2629 1252 2676; x_wconf 86' lang='lat' dir='ltr'><strong>esse</strong></span> <span class='ocrx_word' id='word_1_164' title='bbox 1273 2610 1348 2673; x_wconf 84' lang='lat' dir='ltr'><strong>duas</strong></span> 
     </span>
     <span class='ocr_line' id='line_1_23' title="bbox 306 2711 1342 2795; baseline 0.001 -22"><span class='ocrx_word' id='word_1_165' title='bbox 306 2711 416 2775; x_wconf 89' lang='lat' dir='ltr'><strong>indeo</strong></span> <span class='ocrx_word' id='word_1_166' title='bbox 438 2713 790 2795; x_wconf 64' lang='lat' dir='ltr'><strong>praedesllnaliunesffl),</strong></span> <span class='ocrx_word' id='word_1_167' title='bbox 813 2717 868 2778; x_wconf 86' lang='lat' dir='ltr'><strong>sed</strong></span> <span class='ocrx_word' id='word_1_168' title='bbox 890 2733 979 2779; x_wconf 92' lang='lat' dir='ltr'><strong>unam</strong></span> <span class='ocrx_word' id='word_1_169' title='bbox 995 2722 1120 2794; x_wconf 78' lang='lat' dir='ltr'><strong>lantum,</strong></span> <span class='ocrx_word' id='word_1_170' title='bbox 1142 2730 1268 2794; x_wconf 82' lang='lat' dir='ltr'><strong>eamque</strong></span> <span class='ocrx_word' id='word_1_171' title='bbox 1288 2711 1342 2776; x_wconf 83' lang='lat' dir='ltr'><strong>lo-</strong></span> 
     </span>
     <span class='ocr_line' id='line_1_24' title="bbox 306 2814 595 2877; baseline 0.007 -2"><span class='ocrx_word' id='word_1_172' title='bbox 306 2815 415 2876; x_wconf 88' lang='lat' dir='ltr'><strong>minum</strong></span> <span class='ocrx_word' id='word_1_173' title='bbox 441 2814 595 2877; x_wconf 87' lang='lat' dir='ltr'><strong>bonarum.</strong></span> 
     </span>
    </p>
   </div>
   <div class='ocr_carea' id='block_1_3' title="bbox 308 2966 651 2984">
    <p class='ocr_par' dir='ltr' id='par_1_6' title="bbox 308 2966 651 2984">
     <span class='ocr_line' id='line_1_25' title="bbox 308 2966 651 2984; baseline 0.012 -5"><span class='ocrx_word' id='word_1_174' title='bbox 308 2966 651 2984; x_wconf 45' lang='lat' dir='ltr'><strong>——n--a--a-ffl</strong></span> 
     </span>
    </p>
   </div>
   <div class='ocr_carea' id='block_1_4' title="bbox 344 3049 1349 3476">
    <p class='ocr_par' dir='ltr' id='par_1_7' title="bbox 344 3049 1349 3476">
     <span class='ocr_line' id='line_1_26' title="bbox 344 3049 1347 3124; baseline -0.001 -24"><span class='ocrx_word' id='word_1_175' title='bbox 344 3049 389 3117; x_wconf 82' lang='lat'><strong>17)</strong></span> <span class='ocrx_word' id='word_1_176' title='bbox 403 3049 443 3109; x_wconf 74' lang='lat' dir='ltr'><strong>‚cl</strong></span> <span class='ocrx_word' id='word_1_177' title='bbox 463 3067 521 3121; x_wconf 86' lang='lat' dir='ltr'><strong>cap.</strong></span> <span class='ocrx_word' id='word_1_178' title='bbox 540 3051 561 3112; x_wconf 93' lang='lat' dir='ltr'><strong>l,</strong></span> <span class='ocrx_word' id='word_1_179' title='bbox 580 3051 602 3122; x_wconf 85' lang='lat'><strong>§.</strong></span> <span class='ocrx_word' id='word_1_180' title='bbox 621 3051 651 3116; x_wconf 83' lang='lat'><strong>2;</strong></span> <span class='ocrx_word' id='word_1_181' title='bbox 669 3068 727 3122; x_wconf 82' lang='lat' dir='ltr'><strong>rap.</strong></span> <span class='ocrx_word' id='word_1_182' title='bbox 748 3051 781 3114; x_wconf 92' lang='lat' dir='ltr'><strong>ll,</strong></span> <span class='ocrx_word' id='word_1_183' title='bbox 801 3053 822 3124; x_wconf 83' lang='lat'><strong>§.</strong></span> <span class='ocrx_word' id='word_1_184' title='bbox 844 3054 867 3114; x_wconf 86' lang='lat'><strong>1,</strong></span> <span class='ocrx_word' id='word_1_185' title='bbox 887 3053 909 3124; x_wconf 84' lang='lat'><strong>§.</strong></span> <span class='ocrx_word' id='word_1_186' title='bbox 928 3051 958 3119; x_wconf 75' lang='lat'><strong>63</strong></span> <span class='ocrx_word' id='word_1_187' title='bbox 978 3067 1036 3121; x_wconf 86' lang='lat' dir='ltr'><strong>cap.</strong></span> <span class='ocrx_word' id='word_1_188' title='bbox 1057 3050 1102 3113; x_wconf 83' lang='lat' dir='ltr'><strong>Xl,</strong></span> <span class='ocrx_word' id='word_1_189' title='bbox 1122 3051 1144 3123; x_wconf 86' lang='lat'><strong>§.</strong></span> <span class='ocrx_word' id='word_1_190' title='bbox 1165 3051 1196 3114; x_wconf 72' lang='lat'><strong>13</strong></span> <span class='ocrx_word' id='word_1_191' title='bbox 1220 3067 1278 3120; x_wconf 81' lang='lat' dir='ltr'><strong>esp.</strong></span> <span class='ocrx_word' id='word_1_192' title='bbox 1302 3049 1347 3110; x_wconf 82' lang='lat' dir='ltr'><strong>lu,</strong></span> 
     </span>
     <span class='ocr_line' id='line_1_27' title="bbox 407 3137 1345 3213; baseline -0.007 -21"><span class='ocrx_word' id='word_1_193' title='bbox 407 3137 429 3209; x_wconf 81' lang='lat'><strong>§·</strong></span> <span class='ocrx_word' id='word_1_194' title='bbox 447 3140 480 3192; x_wconf 84' lang='lat'><strong>3:</strong></span> <span class='ocrx_word' id='word_1_195' title='bbox 498 3146 637 3207; x_wconf 73' lang='lat' dir='ltr'><strong>praeterea</strong></span> <span class='ocrx_word' id='word_1_196' title='bbox 658 3139 709 3213; x_wconf 55' lang='lat' dir='ltr'><strong>bprc</strong></span> <span class='ocrx_word' id='word_1_197' title='bbox 725 3149 788 3192; x_wconf 79' lang='lat' dir='ltr'><strong>sunl</strong></span> <span class='ocrx_word' id='word_1_198' title='bbox 809 3139 944 3191; x_wconf 77' lang='lat' dir='ltr'><strong>afferenda</strong></span> <span class='ocrx_word' id='word_1_199' title='bbox 959 3140 1005 3189; x_wconf 86' lang='lat' dir='ltr'><strong>illa</strong></span> <span class='ocrx_word' id='word_1_200' title='bbox 1020 3138 1077 3190; x_wconf 69' lang='lat' dir='ltr'><strong>lora</strong></span> <span class='ocrx_word' id='word_1_201' title='bbox 1091 3145 1254 3206; x_wconf 76' lang='lat' dir='ltr'><strong>argumenta,</strong></span> <span class='ocrx_word' id='word_1_202' title='bbox 1276 3155 1345 3208; x_wconf 76' lang='lat' dir='ltr'><strong>quo.</strong></span> 
     </span>
     <span class='ocr_line' id='line_1_28' title="bbox 407 3224 1349 3298; baseline 0.002 -24"><span class='ocrx_word' id='word_1_203' title='bbox 407 3239 465 3275; x_wconf 86' lang='lat' dir='ltr'><strong>rum</strong></span> <span class='ocrx_word' id='word_1_204' title='bbox 484 3224 604 3294; x_wconf 78' lang='lat' dir='ltr'><strong>pondere</strong></span> <span class='ocrx_word' id='word_1_205' title='bbox 624 3227 693 3297; x_wconf 84' lang='lat' dir='ltr'><strong>(cap.</strong></span> <span class='ocrx_word' id='word_1_206' title='bbox 709 3227 732 3278; x_wconf 93' lang='lat' dir='ltr'><strong>ll</strong></span> <span class='ocrx_word' id='word_1_207' title='bbox 748 3261 782 3272; x_wconf 83' lang='lat'><em>-</em></span> <span class='ocrx_word' id='word_1_208' title='bbox 800 3245 860 3298; x_wconf 82' lang='lat' dir='ltr'><strong>cap.</strong></span> <span class='ocrx_word' id='word_1_209' title='bbox 881 3228 955 3294; x_wconf 82' lang='lat' dir='ltr'><strong>Vlll)</strong></span> <span class='ocrx_word' id='word_1_210' title='bbox 973 3227 1105 3296; x_wconf 80' lang='lat' dir='ltr'><strong>geminem</strong></span> <span class='ocrx_word' id='word_1_211' title='bbox 1123 3225 1349 3296; x_wconf 74' lang='lat' dir='ltr'><strong>praedestinatio·</strong></span> 
     </span>
     <span class='ocr_line' id='line_1_29' title="bbox 406 3311 1343 3385; baseline 0.002 -25"><span class='ocrx_word' id='word_1_212' title='bbox 406 3327 469 3362; x_wconf 86' lang='lat' dir='ltr'><strong>nera</strong></span> <span class='ocrx_word' id='word_1_213' title='bbox 491 3327 564 3364; x_wconf 80' lang='lat' dir='ltr'><strong>auam</strong></span> <span class='ocrx_word' id='word_1_214' title='bbox 586 3311 736 3382; x_wconf 78' lang='lat' dir='ltr'><strong>deprimere</strong></span> <span class='ocrx_word' id='word_1_215' title='bbox 757 3316 869 3374; x_wconf 66' lang='lat' dir='ltr'><strong>nlullan</strong></span> <span class='ocrx_word' id='word_1_216' title='bbox 899 3321 1034 3385; x_wconf 74' lang='lat' dir='ltr'><strong>qnatenus</strong></span> <span class='ocrx_word' id='word_1_217' title='bbox 1058 3312 1257 3367; x_wconf 68' lang='lat' dir='ltr'><strong>videliceunoc</strong></span> <span class='ocrx_word' id='word_1_218' title='bbox 1278 3330 1343 3381; x_wconf 88' lang='lat' dir='ltr'><strong>pro-</strong></span> 
     </span>
     <span class='ocr_line' id='line_1_30' title="bbox 406 3395 1346 3476; baseline 0.002 -28"><span class='ocrx_word' id='word_1_219' title='bbox 406 3395 498 3448; x_wconf 76' lang='lat' dir='ltr'><strong>batum</strong></span> <span class='ocrx_word' id='word_1_220' title='bbox 516 3399 621 3464; x_wconf 79' lang='lat' dir='ltr'><strong>volunt,</strong></span> <span class='ocrx_word' id='word_1_221' title='bbox 641 3419 696 3454; x_wconf 85' lang='lat' dir='ltr'><strong>nou</strong></span> <span class='ocrx_word' id='word_1_222' title='bbox 714 3419 793 3473; x_wconf 78' lang='lat' dir='ltr'><strong>porea</strong></span> <span class='ocrx_word' id='word_1_223' title='bbox 813 3403 892 3454; x_wconf 85' lang='lat' dir='ltr'><strong>deum</strong></span> <span class='ocrx_word' id='word_1_224' title='bbox 912 3410 959 3454; x_wconf 82' lang='lat' dir='ltr'><strong>aul</strong></span> <span class='ocrx_word' id='word_1_225' title='bbox 980 3401 1065 3476; x_wconf 63' lang='lat' dir='ltr'><strong>libqro</strong></span> <span class='ocrx_word' id='word_1_226' title='bbox 1084 3400 1221 3452; x_wconf 86' lang='lat' dir='ltr'><strong>hominurn</strong></span> <span class='ocrx_word' id='word_1_227' title='bbox 1234 3400 1346 3451; x_wconf 76' lang='lat' dir='ltr'><strong>arbitrio</strong></span> 
     </span>
    </p>
   </div>
   <div class='ocr_carea' id='block_1_5' title="bbox 406 3485 1346 3642">
    <p class='ocr_par' dir='ltr' id='par_1_8' title="bbox 406 3485 1346 3642">
     <span class='ocr_line' id='line_1_31' title="bbox 406 3485 1346 3560; baseline 0.001 -26"><span class='ocrx_word' id='word_1_228' title='bbox 406 3485 530 3548; x_wconf 80' lang='lat' dir='ltr'><strong>allicere,</strong></span> <span class='ocrx_word' id='word_1_229' title='bbox 557 3496 604 3541; x_wconf 78' lang='lat' dir='ltr'><strong>aul</strong></span> <span class='ocrx_word' id='word_1_230' title='bbox 629 3488 664 3540; x_wconf 84' lang='lat' dir='ltr'><strong>ad</strong></span> <span class='ocrx_word' id='word_1_231' title='bbox 692 3507 793 3542; x_wconf 87' lang='lat' dir='ltr'><strong>morum</strong></span> <span class='ocrx_word' id='word_1_232' title='bbox 818 3497 961 3560; x_wconf 75' lang='lat' dir='ltr'><strong>praecepta</strong></span> <span class='ocrx_word' id='word_1_233' title='bbox 980 3488 1118 3556; x_wconf 79' lang='lat' dir='ltr'><strong>migranda</strong></span> <span class='ocrx_word' id='word_1_234' title='bbox 1136 3503 1230 3555; x_wconf 75' lang='lat' dir='ltr'><strong>cogere</strong></span> <span class='ocrx_word' id='word_1_235' title='bbox 1250 3503 1346 3556; x_wconf 83' lang='lat' dir='ltr'><strong>quenr-</strong></span> 
     </span>
     <span class='ocr_line' id='line_1_32' title="bbox 406 3587 550 3642; baseline 0.007 -21"><span class='ocrx_word' id='word_1_236' title='bbox 406 3587 495 3642; x_wconf 88' lang='lat' dir='ltr'><strong>quam.</strong></span> <span class='ocrx_word' id='word_1_237' title='bbox 515 3605 550 3616; x_wconf 92' lang='lat'><em>-</em></span> 
     </span>
    </p>
   </div>
   <div class='ocr_carea' id='block_1_6' title="bbox 344 3673 1345 3815">
    <p class='ocr_par' dir='ltr' id='par_1_9' title="bbox 344 3651 1345 3815">
     <span class='ocr_line' id='line_1_33' title="bbox 344 3673 1345 3749; baseline -0.004 -22"><span class='ocrx_word' id='word_1_238' title='bbox 344 3673 389 3741; x_wconf 83' lang='lat'><strong>18)</strong></span> <span class='ocrx_word' id='word_1_239' title='bbox 409 3675 442 3726; x_wconf 77' lang='lat' dir='ltr'><strong>cl</strong></span> <span class='ocrx_word' id='word_1_240' title='bbox 473 3692 531 3749; x_wconf 83' lang='lat' dir='ltr'><strong>cap.</strong></span> <span class='ocrx_word' id='word_1_241' title='bbox 557 3676 593 3730; x_wconf 85' lang='lat' dir='ltr'><strong>lx</strong></span> <span class='ocrx_word' id='word_1_242' title='bbox 613 3708 647 3721; x_wconf 92' lang='lat'>-</span> <span class='ocrx_word' id='word_1_243' title='bbox 667 3696 724 3749; x_wconf 84' lang='lat' dir='ltr'><strong>cap.</strong></span> <span class='ocrx_word' id='word_1_244' title='bbox 752 3678 827 3732; x_wconf 75' lang='lat' dir='ltr'><strong>riu:</strong></span> <span class='ocrx_word' id='word_1_245' title='bbox 857 3693 970 3749; x_wconf 87' lang='lat' dir='ltr'><strong>quornm</strong></span> <span class='ocrx_word' id='word_1_246' title='bbox 997 3693 1124 3729; x_wconf 80' lang='lat' dir='ltr'><strong>summam</strong></span> <span class='ocrx_word' id='word_1_247' title='bbox 1154 3693 1216 3728; x_wconf 79' lang='lat' dir='ltr'><strong>mon</strong></span> <span class='ocrx_word' id='word_1_248' title='bbox 1246 3691 1345 3745; x_wconf 88' lang='lat' dir='ltr'><strong>propo·</strong></span> 
     </span>
     <span class='ocr_line' id='line_1_34' title="bbox 407 3779 560 3815; baseline 0.013 -3"><span class='ocrx_word' id='word_1_249' title='bbox 407 3779 509 3815; x_wconf 76' lang='lat' dir='ltr'><strong>nemus.</strong></span> <span class='ocrx_word' id='word_1_250' title='bbox 531 3791 560 3801; x_wconf 89' lang='lat'><em>—</em></span> 
     </span>
    </p>
   </div>
   <div class='ocr_carea' id='block_1_7' title="bbox 345 3862 1065 3939">
    <p class='ocr_par' dir='ltr' id='par_1_10' title="bbox 345 3862 1065 3939">
     <span class='ocr_line' id='line_1_35' title="bbox 345 3862 1065 3939; baseline 0.003 -24"><span class='ocrx_word' id='word_1_251' title='bbox 345 3862 389 3926; x_wconf 80' lang='grc'><strong>19)</strong></span> <span class='ocrx_word' id='word_1_252' title='bbox 406 3865 461 3917; x_wconf 90' lang='lat' dir='ltr'><strong>Sub</strong></span> <span class='ocrx_word' id='word_1_253' title='bbox 480 3869 559 3921; x_wconf 82' lang='lat' dir='ltr'><strong>linem</strong></span> <span class='ocrx_word' id='word_1_254' title='bbox 578 3870 678 3938; x_wconf 78' lang='lat' dir='ltr'><strong>primae</strong></span> <span class='ocrx_word' id='word_1_255' title='bbox 696 3869 776 3920; x_wconf 81' lang='lat' dir='ltr'><strong>lunius</strong></span> <span class='ocrx_word' id='word_1_256' title='bbox 796 3867 891 3939; x_wconf 73' lang='lat' dir='ltr'><strong>capitia</strong></span> <span class='ocrx_word' id='word_1_257' title='bbox 909 3867 1065 3938; x_wconf 73' lang='lat' dir='ltr'><strong>particulae.</strong></span> 
     </span>
    </p>
   </div>
   <div class='ocr_carea' id='block_1_8' title="bbox 330 3942 1345 4212">
    <p class='ocr_par' dir='ltr' id='par_1_11' title="bbox 330 3942 1345 4212">
     <span class='ocr_line' id='line_1_36' title="bbox 330 3942 1345 4044; baseline -0.006 -23"><span class='ocrx_word' id='word_1_258' title='bbox 330 3942 390 4036; x_wconf 53' lang='lat' dir='ltr'><strong>QG)</strong></span> <span class='ocrx_word' id='word_1_259' title='bbox 408 3970 473 4022; x_wconf 75' lang='lat' dir='ltr'><strong>latas</strong></span> <span class='ocrx_word' id='word_1_260' title='bbox 491 3971 638 4034; x_wconf 76' lang='lat' dir='ltr'><strong>videlicet,</strong></span> <span class='ocrx_word' id='word_1_261' title='bbox 670 3989 737 4044; x_wconf 82' lang='lat' dir='ltr'><strong>quas</strong></span> <span class='ocrx_word' id='word_1_262' title='bbox 757 3974 852 4024; x_wconf 85' lang='lat' dir='ltr'><strong>Scolua</strong></span> <span class='ocrx_word' id='word_1_263' title='bbox 877 3971 1055 4025; x_wconf 82' lang='lat' dir='ltr'><strong>Gclhesealco</strong></span> <span class='ocrx_word' id='word_1_264' title='bbox 1080 3967 1193 4028; x_wconf 81' lang='lat' dir='ltr'><strong>tribuit,</strong></span> <span class='ocrx_word' id='word_1_265' title='bbox 1220 3983 1345 4038; x_wconf 76' lang='lat' dir='ltr'><strong>quaeqae</strong></span> 
     </span>
     <span class='ocr_line' id='line_1_37' title="bbox 394 4053 1343 4129; baseline 0 -23"><span class='ocrx_word' id='word_1_266' title='bbox 394 4063 453 4108; x_wconf 73' lang='lat' dir='ltr'><strong>&#39;auu</strong></span> <span class='ocrx_word' id='word_1_267' title='bbox 469 4055 617 4119; x_wconf 82' lang='lat' dir='ltr'><strong>„viven‹ll“</strong></span> <span class='ocrx_word' id='word_1_268' title='bbox 635 4065 681 4112; x_wconf 79' lang='lat' dir='ltr'><strong>aul</strong></span> <span class='ocrx_word' id='word_1_269' title='bbox 705 4059 874 4129; x_wconf 80' lang='lat' dir='ltr'><strong>„pureualli“</strong></span> <span class='ocrx_word' id='word_1_270' title='bbox 898 4061 1084 4114; x_wconf 75' lang='lat' dir='ltr'><strong>necessilatem</strong></span> <span class='ocrx_word' id='word_1_271' title='bbox 1108 4053 1263 4109; x_wconf 75' lang='lat' dir='ltr'><strong>huminibus</strong></span> <span class='ocrx_word' id='word_1_272' title='bbox 1292 4057 1343 4107; x_wconf 87' lang='lat' dir='ltr'><strong>irn-</strong></span> 
     </span>
     <span class='ocr_line' id='line_1_38' title="bbox 406 4141 1203 4212; baseline -0.015 -17"><span class='ocrx_word' id='word_1_273' title='bbox 406 4152 518 4212; x_wconf 78' lang='lat' dir='ltr'><strong>pouaul.</strong></span> <span class='ocrx_word' id='word_1_274' title='bbox 539 4172 567 4184; x_wconf 92' lang='lat'><em>-</em></span> <span class='ocrx_word' id='word_1_275' title='bbox 1196 4141 1203 4162; x_wconf 65' lang='lat'>³</span> 
     </span>
    </p>
   </div>
   <div class='ocr_carea' id='block_1_9' title="bbox 0 0 1519 4948">
    <p class='ocr_par' dir='ltr' id='par_1_12' title="bbox 0 0 1519 4948">
     <span class='ocr_line' id='line_1_39' title="bbox 0 0 1519 4948; baseline 0 0"><span class='ocrx_word' id='word_1_276' title='bbox 0 0 1519 4948; x_wconf 95' lang='lat' dir='ltr'><strong> </strong></span> 
     </span>
    </p>
   </div>
  </div>
 </body>
</html>
