3010 4946
1132 420 1190 484 1-13

148 607 269 672 lationis
292 607 390 670 minuas
421 605 593 682 lavantium,
619 603 816 685 praeiudiciis
852 605 1000 688 impliciti,
1029 609 1191 674 admodum

150 690 270 792 quidem
298 713 425 786 cavent,
453 723 495 768 ne
527 707 609 772 oens
647 721 714 767 cum
753 699 892 770 meatum
925 723 1010 771 utura
1037 711 1193 792 gentilium

151 809 349 890 pantheietice
381 807 591 887 conlaudatur,
611 823 800 888 nequaquam
819 825 893 871 vcro
917 810 1056 891 abyssum
1078 813 1194 892 timent,

150 911 230 973 inter
252 917 409 990 utrumque
429 911 536 971 iterum
556 907 697 985 hiantem,
718 923 805 988 meur
826 915 948 975 testo‘s‘.
961 912 1051 974 Paulo
1067 911 1194 993 (Ephesi

151 1011 188 1090 ll,
207 1011 244 1074 13
266 1029 330 1091 seq.
369 1016 399 1071 et
437 1009 554 1072 Coloss.
585 1009 617 1086 l,
642 1008 707 1085 19.)
728 1009 866 1073 Salvator
888 1019 994 1074 noster
1015 1015 1061 1076 ita·
1076 1013 1194 1094 clausitp·

150 1120 182 1176 ut
205 1119 365 1194 „utraque
388 1111 503 1174 laceret
525 1115 723 1200 1111111111-

620 1273 648 1344 ς.
676 1263 728 1326 m.

252 1422 337 1496 Quae
366 1399 524 1500 postquam
553 1417 592 1480 dc
618 1417 729 1483 Natura
760 1425 862 1482 creata
892 1429 955 1484 uon
976 1426 1118 1497 creante,
1138 1420 1197 1489 hoo

155 1529 217 1586 tota
244 1539 345 1584 rerum
374 1521 569 1582 universitate
600 1518 639 1581 ad
671 1519 765 1583 libros
794 1522 868 1603 arpi
899 1517 1030 1604 φύσεων
1047 1521 1198 1603 explicata

156 1629 235 1702 sunt,
270 1628 388 1684 ceteras
420 1638 487 1696 res,
518 1637 595 1701 quae
629 1638 720 1700 super
762 1621 1007 1684 eadem.llatura
1039 1623 1198 1701 docentur,

157 1725 213 1802 sol,
237 1723 327 1801 lirun,
359 1739 446 1803 quem
476 1721 609 1793 habeant
629 1738 759 1798 cursum,
779 1739 856 1802 quae
877 1723 1043 1800 intervalla,
1066 1741 1123 1804 qua
1146 1741 1201 1788 ra·

156 1829 239 1890 tione
274 1843 313 1887 ex
333 1829 472 1904 quattuor
493 1824 648 1886 elementis
669 1824 769 1886 omnia
791 1840 920 1904 corpora
943 1825 1004 1889 sint
1023 1826 1201 1905 composito,

160 1945 236 2009 quac
266 1928 305 1989 sit
340 1925 472 1987 hominis
508 1925 633 2004 eiusque
669 1943 811 1988 sensuum
839 1933 946 1988 natura
982 1931 1013 1988 et
1038 1944 1114 2008 quae
1135 1931 1204 1992 suti

157 2029 281 2110 generis
315 2027 468 2102 ciusdem,
498 2027 629 2086 maxime
659 2032 820 2105 propterea
854 2025 935 2106 quod
966 2026 1004 2088 ad
1035 2025 1103 2104 illa,
1124 2043 1202 2107 quae

158 2130 245 2190 nohis
267 2133 331 2190 tota
351 2129 410 2188 hac
430 2126 594 2205 scriptione
617 2126 737 2205 proprie
758 2123 844 2188 cordi
865 2143 934 2188 ease
959 2125 1080 2204 dehent,
1101 2143 1204 2206 pamm

161 2230 323 2302 attineant,
348 2227 459 2306 optimo
483 2227 548 2289 iure
570 2212 851 2304 praetermittendas
872 2227 1205 2294 eseeextsttnaumus

160 2327 233 2390 Sunt
267 2343 341 2389 vero
375 2327 433 2388 alia
467 2325 618 2406 longeque
651 2325 777 2388 consilio
803 2313 922 2386 'nostro
961 2321 1139 2406 pravissima
1172 2326 1203 2388 in

162 2425 209 2488 his
232 2428 327 2506 libris,
363 2445 450 2508 quac,
483 2444 573 2509 quum
606 2433 728 2507 propter
750 2427 965 2489 sententiarum
989 2445 1097 2488 nexum
1118 2426 1205 2489 lacil.

160 2525 229 2587 lime
252 2526 416 2605 ad'ipsam
448 2525 486 2588 de
521 2527 632 2590 Natura
663 2533 765 2588 creata
796 2544 856 2589 non
881 2533 1003 2588 creante
1028 2526 1206 2610 disputatio·

161 2643 229 2688 nem
267 2624 463 2704 adiicientes,
505 2625 562 2688 huo
603 2625 768 2690 transferre
809 2627 1004 2716 decrevimus.
1073 2626 1206 2710 Dicimus

165 2733 264 2790 autem
284 2728 446 2807 praecipue
478 2745 659 2810 permagnus
680 2726 824 2809 quasdam
846 2729 1028 2792 christianae
1049 2728 1205 2792 doctrinae

159 2833 270 2910 partes,
294 2843 368 2908 quas
390 2825 597 2909 philosophiae
630 2829 830 2912 Erigenianae
854 2830 995 2894 sordibus
1016 2821 1125 2894 misere
1150 2831 1206 2894 de.

160 2929 381 3013 prehendemus
402 2930 579 3009 inquinatas.
656 2975 659 2982 .

604 3069 652 3159 'p
685 3085 736 3150 ort.

261 3238 356 3318 lpsius
380 3237 470 3318 igitur
493 3237 543 3298 dei
567 3255 659 3318 opera
685 3238 794 3302 lactum
815 3255 885 3303 esse
909 3246 954 3318 [t.
977 3237 1044 3310 33.)
1065 3237 1204 3314 dixinms,

163 3346 193 3402 ul
216 3357 327 3402 causae
348 3337 557 3420 primordiales
580 3339 611 3400 in
635 3338 760 3402 ellectus
783 3357 855 3404 suos
876 3339 1079 3420 profluerent,
1101 3340 1205 3420 proin.
1242 3396 1245 3403 .

164 3440 261 3520 deque
290 3441 399 3516 omnia,
432 3455 509 3518 quae
542 3438 602 3500 hoc
639 3440 781 3518 univeros
813 3442 1011 3517 continentur,
1035 3439 1206 3500 desummo

165 3539 310 3620 dignitate
329 3557 383 3601 sua
407 3539 437 3600 in
459 3538 662 3600 conditionem
677 3538 878 3602 delinerentur
900 3539 989 3602 multo
1012 3538 1205 3602 deteriorem.

164 3639 215 3717 (ll,
240 3641 303 3715 11.)
324 3639 468 3726 -Haec
490 3645 586 3702 autem
607 3655 656 3702 res
682 3638 800 3702 divinae
819 3639 942 3702 bonitati
966 3657 1028 3702 uon
1051 3625 1207 3720 repugnari,

165 3740 235 3802 ideo
261 3738 351 3820 quod,
373 3745 422 3818 „ut
443 3758 515 3802 vera
536 3741 611 3802 ratio
627 3739 726 3819 docet,
748 3740 942 3802 mundusisto
964 3741 994 3800 in
1015 3741 1116 3801 varias
1134 3755 1208 3802 sen-

167 3841 328 3920 sibilesque
351 3841 469 3919 species
492 3878 532 3888 -
553 3877 593 3889 -
616 3857 676 3924 uon
708 3839 802 3902 luisse
834 3846 989 3919 erupturus
1011 3839 1070 3901 dici
1095 3827 1205 3918 potest,

165 3940 191 4001 si
214 3941 295 4003 Deus
319 3958 420 4003 casum
451 3947 480 4002 et
509 3941 657 4011 interitum
687 3941 774 4022 primi
801 3940 946 4020 hominis,
969 3941 1110 4003 unitatem
1131 3955 1205 4000 suae

166 4048 290 4102 naturae
327 4042 510 4120 deserentis,
539 4057 600 4103 non
630 4041 849 4123 praevidisset3
884 4041 973 4103 homo
1003 4046 1100 4102 autem
1136 4042 1206 4118 post

166 4143 282 4204 ruinam
303 4159 388 4205 suam
416 4144 463 4206 ⁴de
482 4143 603 4206 summis
626 4141 664 4204 ad
686 4142 755 4215 ima,
780 4142 818 4203 de
840 4141 973 4205 aeternis
994 4141 1032 4203 ad
1052 4148 1205 4219 tempora-
