3014 4950
760 727 858 806 Caput
879 727 919 788 ll.

328 887 412 961 onae
439 884 470 946 in
491 885 605 947 Ioanne
627 882 720 946 Scoto
748 881 861 944 fuerint
889 883 1018 944 eruditio
1048 890 1138 966 atquc
1164 885 1300 966 litterae,
1335 893 1365 949 et

670 981 750 1043 unde
770 1001 823 1045 eas
845 983 1023 1064 perceperit

411 1160 708 1244 Recognoseentibus
729 1160 816 1222 nobis
837 1161 1040 1226 tantummodo
1058 1181 1106 1238 ea,
1128 1183 1204 1244 quae
1219 1165 1277 1228 iam
1292 1183 1366 1247 pro-

328 1267 409 1330 ximo
432 1269 530 1346 capite
555 1263 592 1322 de
614 1262 705 1324 Scoto
733 1261 878 1342 disputata
910 1269 994 1339 sunt,
1032 1273 1196 1346 promptum
1226 1269 1366 1348 proposi-

329 1374 447 1445 tumque
470 1365 536 1442 erit,
559 1361 638 1424 haud
659 1361 775 1442 vulgari
798 1361 877 1423 illum
900 1363 1060 1443 hominem,
1095 1384 1171 1446 quae
1194 1367 1258 1430 eius
1282 1375 1368 1430 aeta-

328 1468 367 1529 tis
389 1473 435 1528 cst
455 1465 542 1541 ratio,
565 1462 701 1524 doctrina
723 1461 918 1542 excelluisse,
954 1469 1043 1545 atque
1076 1464 1153 1528 adeo
1176 1469 1254 1529 inter
1275 1469 1367 1548 ipsius

330 1565 489 1647 aequales,
524 1564 574 1643 qui
605 1562 662 1624 hae
684 1563 713 1624 in
735 1579 770 1624 rc
789 1563 846 1643 ipsi
869 1572 1111 1645 compararetur,
1145 1568 1195 1629 vix
1216 1568 1366 1631 inventum

330 1683 400 1728 esse
424 1681 609 1746 necunquam.
654 1662 738 1736 Quae
759 1663 842 1726 Scoti
863 1662 999 1727 doctrina
1020 1665 1070 1727 lric
1091 1667 1179 1746 paulo
1202 1670 1369 1730 accuratius

331 1773 377 1830 est
402 1763 618 1847 persequenda.
662 1762 759 1826 Semel
780 1769 879 1824 tamen
900 1770 988 1845 atque
1011 1767 1152 1828 universe
1172 1769 1211 1828 ita
1228 1770 1369 1831 monitum

331 1885 401 1931 esse
424 1867 569 1943 volumus,
602 1863 742 1945 quidquid
764 1863 912 1926 hocloco
937 1867 993 1946 ipsi
1013 1867 1109 1929 laudis
1130 1869 1291 1949 tribuatur,
1327 1869 1370 1951 id,

331 1969 389 2031 nisi
411 1969 475 2028 eius
497 1967 603 2027 aetatis
629 1963 728 2025 habita
751 1965 878 2042 ratione,
900 1966 957 2046 ipsi
977 1967 1114 2030 tributum
1136 1987 1196 2031 non
1220 1988 1298 2032 esse.

418 2067 543 2130 Primum
572 2067 664 2148 igitur
685 2065 757 2128 satis
781 2083 917 2146 magnam
938 2068 969 2128 in
992 2086 1029 2130 eo
1053 2069 1302 2150 deprehendimus
1323 2071 1370 2132 la-

332 2170 459 2231 tinarum
490 2167 653 2244 litterarum
675 2165 887 2247 cognitionem.
921 2165 1034 2230 Laudat
1051 2169 1216 2248 Boethium,
1240 2171 1373 2247 Plinium,

334 2269 505 2351 Virgilium,
530 2269 725 2344 Ciceronem,
760 2266 853 2344 alios;
888 2284 962 2348 quos
995 2287 1131 2351 magnam
1164 2277 1275 2350 partem
1307 2271 1372 2349 ipsc

333 2371 407 2452 legit
420 2377 461 2449 ¹):
484 2368 607 2450 plurima
631 2367 721 2429 latine
743 2368 877 2448 scripsit,
909 2369 1032 2450 eiusque
1053 2371 1150 2431 oratio
1173 2377 1230 2430 tam
1253 2371 1372 2449 poetica

335 2488 422 2552 quam
442 2486 534 2550 prosa
554 2475 600 2530 est
618 2468 786 2548 perspicua,
809 2475 912 2548 plena,
933 2471 997 2531 lere
1012 2470 1145 2550 elegans.
1182 2469 1247 2542 Quo
1264 2469 1373 2532 lactum

336 2578 394 2649 est,
416 2577 448 2632 ut
469 2571 546 2632 adeo
572 2568 778 2650 Chrysostomi
800 2588 866 2632 eum
898 2571 1078 2652 cognomine
1101 2571 1372 2647 honestaverim2).

335 2672 452 2737 Deinde
474 2671 573 2748 etiam,
594 2669 624 2732 id
646 2669 726 2750 quod
750 2660 831 2732 certe
854 2673 1058 2734 admirandum
1083 2678 1138 2749 est,
1161 2689 1292 2752 graecae
1312 2669 1372 2728 lin-

336 2791 414 2857 guae
437 2773 594 2835 scientiam
624 2771 682 2833 sibi
715 2780 957 2852 comparaveram
991 2791 1049 2835 nec
1081 2791 1146 2834 cam
1181 2771 1373 2834 mediocrem.

338 2875 390 2937 list
412 2872 546 2954 quidem,
581 2877 614 2934 ut
641 2889 680 2933 ex
702 2874 830 2952 antiquis
854 2872 1000 2936 Graeciae
1024 2873 1219 2954 scriptoribus
1241 2867 1375 2932 classicis

337 2975 390 3036 uix
409 2973 497 3035 ullum
517 2971 629 3054 legisse
659 2971 810 3035 videatur:
844 2992 948 3036 verum
976 2976 1055 3036 inter
1088 2981 1188 3055 patres
1215 2969 1376 3044 ecclesiae,

338 3091 414 3156 quos
448 3077 575 3150 vocant,
609 3073 701 3154 longe
729 3074 832 3137 melius
859 3075 943 3136 novit
974 3091 1103 3155 graecos
1139 3091 1225 3153 quam
1257 3069 1376 3130 latinos.

340 3173 409 3235 lllos
433 3172 537 3234 saltem
557 3174 733 3252 saepissime
755 3179 846 3236 testes
874 3174 1002 3255 profert,
1036 3173 1103 3234 illos
1135 3170 1257 3251 plurima
1289 3165 1378 3227 laude

339 3273 528 3356 prosequitur
539 3275 577 3351 ³).
610 3274 742 3366 ,Scriptis
763 3276 835 3353 suis,
856 3275 1015 3356 praecipue
1032 3290 1108 3354 qnae
1127 3275 1196 3332 sunt
1212 3267 1379 3348 degenere

342 3455 712 3465 w

397 3561 424 3628 l)
444 3559 477 3610 cf.
497 3558 530 3608 de
551 3557 784 3622 div.nat.1‚56;
809 3558 855 3615 tlt,
878 3557 924 3620 li,
949 3554 994 3616 lV,
1015 3553 1044 3618 73
1071 3553 1115 3615 lll,
1135 3550 1265 3616 dil—363
1292 3551 1313 3612 l,
1334 3546 1378 3616 163

444 3648 465 3709 1,
485 3645 532 3707 333
559 3643 592 3708 ll,
612 3645 660 3710 17,
692 3643 805 3709 111‚33;
837 3644 858 3704 1,
877 3641 920 3706 43,
937 3639 981 3705 45,
1001 3639 1027 3705 8,
1048 3639 1089 3706 10,
1107 3639 1132 3706 7,
1148 3639 1183 3693 59
1200 3647 1251 3691 cet.
1279 3665 1313 3676 —
1342 3636 1383 3686 De

445 3733 580 3804 praedest·
601 3733 696 3784 xvlu.

398 3854 478 3923 2)'ci.
499 3853 746 3906 Staudenmairrum
767 3871 793 3921 p.
810 3851 872 3916 206,
891 3850 965 3904 Gale.
984 3851 1085 3904 tectim.
1104 3868 1132 3920 p.
1153 3846 1194 3904 13.

403 3975 434 4044 3)
453 3975 589 4026 Platonem
609 3975 716 4042 saepius
733 3976 810 4034 citat3
837 3991 887 4024 nee
910 3981 1000 4025 tamen
1023 3975 1079 4024 eina
1098 3971 1182 4022 libros
1204 3969 1262 4037 ipae
1280 3965 1386 4018 videtur

449 4062 611 4113 excussiore:
633 4061 666 4112 cf.
687 4061 721 4112 de
739 4061 791 4116 div.
813 4061 859 4126 lli,
886 4061 930 4114 36.
967 4062 995 4112 Si
1016 4075 1186 4130 quemquam,
1216 4055 1386 4107 Aristotelem

448 4149 503 4200 ania
533 4149 618 4204 oeulis
639 4149 753 4204 viderit:
780 4151 815 4203 cf.
843 4153 936 4220 Roger.
966 4151 1043 4201 daeo.
1070 4145 1141 4216 apud
1167 4145 1263 4199 Wood.
1290 4143 1385 4194 histor·
