3014 4950
1144 465 1182 527 13

136 652 279 736 poetico,
311 645 399 708 multa
420 659 533 724 graeca
555 643 698 718 inseruit;
731 645 762 704 in
786 643 967 706 carminibus
988 645 1053 707 eius
1074 636 1185 726 integri

138 768 248 816 versus
270 746 373 830 graeci
401 744 589 823 reperiuntur
601 747 640 816 ⁴).
693 743 857 806 Nonnullos
889 761 1008 826 quoque
1046 745 1185 807 Pseudo-

141 851 277 932 Dionpsii
311 845 513 925 Areopagitae
547 843 640 905 lihros
672 849 702 904 ct
730 843 851 907 Scholia
880 844 1000 906 Maximi
1023 845 1185 922 cuiusdam,

141 970 218 1034 quae
239 955 270 1011 ot
289 948 355 1028 ipsa
380 942 530 1006 subdititia
553 943 701 1021 dicuntur,
732 961 807 1026 rege
829 944 937 1006 carolo
964 945 1055 1008 Calvo
1076 952 1185 1026 postn-

142 1055 261 1126 tante⁵)
284 1066 302 1110 e
323 1047 440 1109 Graeco
463 1060 605 1105 sermone
627 1045 658 1105 in
678 1044 797 1106 latinum
821 1046 979 1108 convertit.

225 1147 312 1226 Quod
328 1163 401 1208 vero
424 1145 554 1221 inerunt,
577 1146 628 1225 qui
648 1143 695 1206 vel
718 1144 860 1206 hebraice
884 1151 915 1207 et
935 1146 1054 1226 syriace
1075 1144 1187 1227 Erige-

139 1272 210 1317 narn
232 1250 356 1313 scivisse
379 1246 650 1327 suspicarenturtp,
672 1262 727 1307 cos
747 1253 830 1308 certe
851 1246 952 1326 opinio
969 1245 1091 1309 fefellit:
1111 1247 1185 1308 satis

142 1354 221 1415 enirn
241 1355 372 1430 apertum
393 1353 449 1424 est,
471 1346 528 1407 nisi
551 1346 744 1425 paucissima,
766 1363 823 1408 nec
843 1363 880 1407 ea
898 1352 958 1409 tam
976 1345 1119 1408 hebraica
1135 1352 1187 1408 aut

142 1453 279 1535 syriaca,
311 1466 398 1530 quarn
423 1464 513 1527 super
532 1445 684 1508 hebraicis
703 1452 732 1508 et
756 1447 900 1526 syriacis,
934 1448 1029 1527 ipsum
1050 1461 1111 1508 non
1135 1451 1185 1508 tc-

139 1554 252 1616 nuisse.
295 1551 360 1612 Uno
383 1554 495 1610 tanturn
523 1545 634 1623 locet)
668 1547 786 1626 syriaca
819 1545 965 1625 quaedam
993 1545 1096 1623 affort,
1130 1543 1186 1608 sed

141 1655 191 1730 ita,
215 1658 247 1713 ut
266 1652 331 1732 ipse
354 1646 478 1723 indicet,
499 1663 567 1708 sese
587 1663 612 1708 s.
634 1646 744 1709 Basilio
761 1665 796 1708 ea
814 1647 936 1710 dehere.
970 1646 1184 1710 hebraicorum

142 1753 260 1832 saepius
283 1749 403 1831 quidem
425 1746 604 1808 mentionem
627 1745 706 1824 iacit,
727 1765 784 1808 nco
808 1753 907 1810 tomen
924 1747 1056 1823 doctius3
1078 1748 1185 1828 quippe

141 1870 219 1935 qnae
244 1857 273 1912 et
295 1851 359 1928 ipso
381 1846 443 1908 suis
464 1846 559 1909 ocutis
586 1848 705 1908 rninirne
736 1849 908 1928 inspexerit.
962 1846 1184 1928 Ahiegamurt)

141 1953 179 2015 ad
219 1951 318 2013 loenrn
355 1947 384 2008 in
422 1947 556 2009 secundo
592 1962 637 2023 (c.
668 1948 724 2023 90)
762 1948 800 2010 de
839 1949 986 2011 divisione
1019 1953 1096 2026 nat,
1132 1942 1185 2010 uhi

141 2053 252 2134 iegitur
275 2054 403 2127 ‚‚„terra
426 2053 523 2108 autern
546 2054 611 2108 erat
632 2048 789 2110 invisibilis
817 2055 847 2110 et
874 2047 1112 2128 incomposita;“
1139 2051 1186 2112 sio

142 2151 354 2215 transtulerunt
375 2147 464 2209 LXX.
487 2148 630 2228 interpp.;
653 2165 708 2209 seu
726 2149 890 2211 secundum
908 2148 1184 2212 hebraicamueri-

143 2259 250 2330 tatem,
282 2256 382 2327 „terra
406 2253 503 2309 nutem
525 2255 590 2310 orat
613 2250 711 2310 inanis
732 2255 763 2310 et
783 2256 938 2310 vacua.·“‘
980 2249 1095 2312 Eodem
1117 2251 1183 2312 iure

142 2352 181 2414 ad
209 2351 307 2432 piures
339 2349 428 2410 otiam
462 2347 548 2410 locos
580 2349 713 2431 ablegari
739 2350 897 2430 possimus.
941 2350 978 2414 Hi
1009 2367 1082 2414 vero
1111 2351 1182 2430 toci,

139 2471 227 2534 qnam
247 2468 350 2532 parurn
372 2447 515 2528 ponderis
536 2450 592 2510 soti
614 2468 668 2530 per
697 2467 731 2511 sc
759 2448 905 2528 habeant,
940 2450 1007 2512 luce
1042 2458 1087 2514 est
1118 2449 1183 2512 cla-

141 2554 254 2629 riust).
291 2551 354 2614 Nec
376 2550 485 2612 desunt
510 2549 559 2612 alii
582 2550 652 2628 loci,
682 2551 732 2612 uhi
753 2549 884 2631 Erigone
906 2551 1082 2614 manifestos
1103 2551 1184 2616 LXX

68 2714 72 2720 .
141 2710 201 2718 --.-
212 2699 434 2718 ...a-d

240 2791 312 2840 univ.
333 2785 461 2846 Oxou-l,
479 2803 506 2855 p.
529 2785 568 2835 15.
593 2783 695 2833 Deinde
713 2784 746 2834 cf.
775 2784 809 2836 de
836 2784 890 2836 div.
916 2791 972 2837 nat.
996 2783 1030 2848 11,
1060 2784 1108 2850 293
1136 2783 1182 2849 111,

238 2877 282 2938 21,
301 2874 346 2938 26,
365 2875 408 2937 2⁷,
426 2873 471 2936 30,
492 2871 537 2935 39,
557 2870 600 2933 33,
617 2868 665 2936 343
696 2870 739 2934 lV,
761 2869 809 2938 163
833 2871 878 2935 IV,
900 2873 931 2939 ¹5
957 2871 992 2936 11,
1009 2871 1058 2938 283
1086 2871 1130 2937 lv,
1148 2873 1183 2940 33

239 2965 272 3028 V,
293 2963 343 3028 233
363 2961 383 3025 1,
403 2961 444 3013 10.
466 2968 515 3012 cst.
538 2966 589 3015 cet.

193 3069 224 3134 4)
243 3069 277 3120 cf.
301 3067 365 3118 edit.
386 3063 537 3124 Sohiuetcri
559 3081 583 3132 p.
604 3061 663 3124 597,
683 3060 743 3122 601,
763 3059 824 3123 602,
842 3057 903 3124 603,
923 3056 984 3124 604,
1003 3058 1063 3114 609.

193 3174 221 3240 h]
239 3172 274 3223 ct'.
295 3171 365 3222 inira
377 3161 441 3238 ¹cap.
463 3166 508 3218 111.

198 3273 225 3342 6)
245 3277 278 3327 ci.
296 3274 391 3325 lonnu.
415 3273 510 3323 Scotus
529 3271 656 3336 Erigone,
685 3268 752 3318 oder
779 3286 831 3319 von
857 3268 918 3320 dem
945 3269 1081 3336 Ursprnng
1108 3256 1184 3318 einer

242 3361 416 3414 christlichen
436 3357 610 3425 Philosophia
630 3355 685 3407 und
705 3355 789 3406 ihrenr
809 3356 928 3424 heiligen
948 3354 1036 3406 Beruf.
1061 3354 1120 3405 Von
1138 3355 1182 3404 Dr.

248 3450 322 3500 Peter
333 3449 420 3499 Hiort.
439 3444 643 3514 Koppenhagen
657 3442 733 3495 1823.
762 3461 789 3511 p.
800 3440 836 3493 44
845 3458 902 3511 seq.
914 3471 948 3482 -
958 3441 1063 3509 Hegel‘s
1076 3441 1181 3493 Vorlee.

246 3536 311 3586 iubar
337 3535 383 3586 dia
412 3531 509 3587 Gcrch.
539 3531 587 3583 der
614 3529 713 3582 Phiios.
740 3529 813 3580 Band
833 3528 870 3580 lll
890 3533 984 3599 (opera
1003 3529 1103 3589 omnia,
1120 3529 1181 3580 Vol.

239 3622 308 3693 XV.)
326 3639 353 3690 p.
377 3618 525 3672 160-161.
545 3647 576 3658 -
599 3617 668 3668 Sunt
685 3625 774 3668 autem
794 3616 900 3685 Hrpehi
919 3615 952 3668 de
968 3615 1047 3668 Scoto
1067 3623 1108 3668 tot
1125 3615 1181 3666 fere

240 3727 352 3770 errores,
373 3715 440 3778 quot
458 3706 538 3760 dicta.
556 3738 591 3748 -

190 3814 219 3882 7)
239 3814 273 3865 ci.
295 3812 330 3864 de
350 3812 404 3865 dir.
425 3818 479 3862 unt.
500 3811 531 3871 ΙΙ,
553 3807 664 3861 19-20.

195 3919 225 3988 8)
244 3919 277 3970 cf.
301 3916 455 3969 irrorent.

188 4024 218 4093 9)
240 4026 274 4078 cf.
297 4017 502 4077 Staudenmnier
526 4035 552 4088 p.
577 4017 629 4072 206
648 4033 721 4086 seqq.
740 4023 795 4068 not.
815 4015 839 4067 5.
874 4012 960 4082 Atque
980 4029 1010 4064 en
1030 4012 1086 4080 ipra
1103 4009 1180 4060 locu-

238 4113 295 4176 ri03
326 4109 475 4173 „Hebraica
502 4107 617 4157 neriton‘
643 4105 683 4145 -’
704 4102 798 4172 procul
824 4101 908 4153 dubio
925 4100 960 4151 ad
981 4099 1006 4150 S.
1027 4096 1180 4165 {hieronymi

237 4199 387 4250 versionem
410 4203 529 4268 spectat3
549 4193 627 4244 innius
649 4193 719 4244 enim
740 4189 810 4242 illud
830 4206 928 4242 nornen
948 4187 1007 4240 tuin.
1105 4261 1107 4270 Α
