3010 4946
328 427 387 490 108

325 605 389 668 sius
422 600 506 664 iaoiii
536 599 596 662 iarn
610 569 721 658 ¹labore
744 594 919 660 devincitur.
962 595 1069 660 Verum
1090 598 1117 660 si
1138 599 1187 679 qui
1209 600 1289 662 scire
1310 617 1367 663 cu-

324 705 404 785 piat,
439 701 545 782 quibus
576 698 760 779 potissimum
789 699 973 778 argumentis
995 700 1105 779 petitus
1125 701 1181 778 εΙΙ,
1202 700 1267 764 fere
1287 701 1365 764 haec

361 823 410 867 n·:

324 823 359 868 su
382 812 428 966 ti.
471 902 699 981 ,Quamquami
723 906 755 960 ut
775 898 966 961 Schlucterus
990 908 1034 978 (p.
1054 898 1173 976 XVNi.)
1197 903 1246 978 ait,
1266 920 1365 982 ,non-

322 1005 411 1066 nullis
435 1001 511 1064 locis
543 1001 655 1064 Natura
693 1005 795 1071 creata
828 1017 936 1062 creans
966 1017 1032 1060 cum
1055 1000 1139 1082 Logo
1163 1003 1298 1080 coniusa,
1321 1004 1369 1065 vei

324 1121 387 1166 non
416 1104 490 1166 satis
518 1101 555 1163 ab
592 1116 631 1161 eo
653 1099 793 1162 distincta
817 1100 953 1176 videtur,
975 1099 1071 1162 multis
1092 1108 1192 1162 tamen
1213 1101 1289 1164 iocis
1312 1103 1370 1164 de·
1491 1085 1492 1122 Ι

331 1205 532 1267 tenninatca
568 1200 652 1282 Logo
694 1206 817 1262 aeterne
846 1201 951 1281 genito
983 1201 1108 1263 mundus
1129 1203 1159 1263 in
1182 1202 1267 1284 Lego
1291 1221 1371 1266 con·
1491 1213 1492 1232 ¹

326 1305 404 1369 ditus
427 1310 458 1365 et
478 1320 531 1382 per
553 1301 660 1382 Logon
682 1301 779 1362 tactus
801 1307 833 1361 ut
852 1300 963 1362 Natura
983 1307 1107 1362 aeterne
1130 1309 1233 1364 creata
1255 1303 1370 1364 discen.
1491 1327 1492 1390 3

324 1406 414 1478 nitur,
435 1403 507 1465 ii'cet
530 1421 597 1464 oum
626 1398 711 1482 Logo
736 1402 934 1478 coniunctus,
957 1402 1076 1481 quando
1100 1401 1229 1463 Naturae
1249 1409 1371 1464 creatae
1491 1391 1492 1434 ³

324 1521 388 1566 non
409 1503 523 1566 creanti
547 1501 722 1582 opponitur,
748 1500 827 1562 idem
861 1506 891 1563 et
922 1508 1025 1564 creata
1052 1508 1082 1563 et
1105 1519 1212 1564 creans
1235 1502 1370 1583 appello·
1405 1531 1408 1537 Δ

324 1613 373 1668 tur
391 1605 511 1668 Natura.
534 1639 575 1652 —-
596 1602 754 1664 Praeterea
775 1602 882 1665 Scotus
904 1602 935 1662 in
956 1603 1211 1682 expositionibus,
1234 1621 1308 1682 quas
1331 1603 1369 1666 de

324 1706 354 1768 S.
382 1703 525 1764 Ternario
555 1703 689 1783 proiept,
722 1701 856 1782 singulas
892 1718 1039 1782 personas
1068 1703 1232 1766 seeundum
1255 1705 1391 1785 dogma.
1491 1761 1492 1778 ,

327 1803 497 1884 distinguit,
528 1809 617 1884 atque
651 1803 693 1864 ita
723 1801 829 1882 Logdn
866 1801 938 1864 dicit
967 1809 1090 1864 aeterne
1130 1805 1281 1884 genitum,
1311 1822 1371 1868 nec
1491 1867 1492 1882 ,

326 1905 550 1987 procedentem,
572 1921 631 1964 nec
652 1908 811 1964 creatum.“
879 1934 882 1942 ·

409 2003 503 2080 Loci,
533 2003 641 2082 quibus
670 2001 719 2063 iila
750 2002 829 2063 inter
859 2000 966 2084 Logon
1001 2009 1039 2064 et.
1061 2002 1200 2066 Naturam
1237 2009 1369 2064 creatam
1491 2069 1492 2076 ,

327 2109 480 2164 creantem
514 2109 544 2163 et
578 2103 719 2164 Naturam
761 2107 894 2162 creatam
929 2118 989 2163 non
1029 2109 1182 2164 creantem
1217 2103 1369 2164 disdnmio

238 2282 239 2286 Ἰ
328 2203 502 2265 clarissima
525 2203 661 2266 uideatur
691 2202 868 2264 illucescere
892 2209 1030 2282 (praeter
1054 2202 1133 2280 ilios,
1156 2203 1262 2284 quibus
1284 2204 1367 2267 Deus

327 2305 448 2385 genitus
482 2321 499 2364 a
523 2304 588 2364 Deo
619 2309 787 2384 generante
810 2308 841 2364 et
861 2302 1046 2382 procedente
1069 2321 1131 2364 non
1156 2304 1262 2384 minus,
1282 2321 1371 2383 quam
1491 2373 1492 2388 χ

329 2423 346 2466 a
369 2410 507 2465 creatura
529 2402 743 2484 distinguatur)
766 2421 805 2465 ex
824 2403 922 2465 multis
947 2402 1119 2480 afferuntur,
1140 2401 1189 2464 hi:

412 2503 478 2565 ΙΙΙ).Ι
499 2501 536 2583 ΙΙ,
561 2504 626 2566 tic
661 2503 783 2582 „Omnis
811 2511 947 2565 creatura
970 2504 1073 2584 incipit
1095 2521 1184 2580 esse,
1207 2503 1373 2584 numerat,

330 2621 418 2683 quum
441 2621 503 2666 non
525 2611 607 2679 erat;
631 2603 696 2666 flat
717 2607 747 2666 in
773 2604 872 2666 causis
896 2603 1032 2684 quidem,
1047 2621 1114 2665 non
1137 2611 1202 2676 erat
1223 2606 1254 2666 in
1277 2604 1373 2666 effec-

329 2706 425 2764 tibus:
446 2721 507 2765 non
532 2705 654 2766 omnino
675 2704 767 2785 igitur
787 2721 859 2765 vere
881 2705 1051 2765 aeternitati
1066 2711 1228 2765 coaeterna
1249 2709 1371 2765 est.“--

330 2803 448 2864 Deinde
477 2802 625 2864 habentur
652 2802 703 2864 tit.
736 2803 787 2876 iil,
815 2802 864 2875 16,
890 2803 939 2880 17,
964 2803 1013 2879 18,
1034 2802 1070 2879 ΙΙ,
1092 2803 1141 2879 29,
1162 2802 1267 2881 quibus
1286 2801 1372 2878 iocis,

333 2909 364 2964 ut
394 2919 451 2965 nos
484 2920 602 2983 quoque
633 2920 722 2982 supra
756 2909 799 2978 (§.
832 2902 883 2980 28,
903 2909 931 2978 o.
955 2901 1021 2977 30.)
1049 2901 1234 2979 audivimus,
1265 2901 1372 2986 ,totius

332 3009 488 3064 creaturae
521 3003 700 3066 universitas
731 3001 764 3064 iu
789 3001 852 3081 filio
878 3003 928 3063 dei
950 3003 1104 3084 unigenito
1128 3002 1215 3079 iacta,
1236 3000 1374 3065 condita«

332 3135 372 3146 -
395 3087 511 3164 dicitur.

415 3200 449 3262 ΙΙ.
493 3203 565 3264 Tum
594 3203 787 3266 Schiueterus
813 3211 858 3283 (p.
889 3202 983 3280 ΧΙΧ.)
1012 3205 1052 3265 ita
1085 3202 1149 3265 iere
1178 3203 1293 3283 pergit:
1325 3203 1374 3282 ,Si

334 3319 408 3364 vero
430 3302 561 3384 Erigena
592 3302 658 3366 aliis
686 3304 763 3365 iocis
794 3303 858 3383 (ΙΙΙ,
881 3304 920 3367 90
944 3313 1046 3385 seqq.)
1070 3303 1238 3376 contendit:
1261 3303 1374 3382 ,Deum

334 3403 433 3463 creari
455 3403 484 3463 in
507 3402 673 3481 omnibus,“
695 3402 778 3464 sive:
803 3404 914 3482 ,Deum
936 3420 1005 3465 esse
1020 3404 1057 3465 ¹in
1080 3421 1123 3479 se,
1145 3402 1209 3466 [ieri
1233 3403 1263 3464 in
1285 3422 1375 3465 orea-

333 3502 407 3562 turis
417 3507 443 3578 ,Ι
463 3501 564 3579 idem,
598 3509 630 3564 ut
660 3503 742 3566 multi
765 3503 815 3564 aiii
836 3503 991 3583 fecerunt,
1013 3503 1175 3564 lectionem
1198 3509 1312 3565 tantum
1335 3504 1376 3563 it-

334 3600 392 3661 lam
422 3600 499 3680 apud
529 3601 564 3664 S.
601 3601 748 3664 Joannem
777 3603 920 3684 Evangei.
956 3603 990 3682 1,
1021 3601 1122 3666 3—4:
1152 3603 1375 3682 ,Quodcunque

334 3700 445 3761 iactum
470 3703 550 3763 enim
577 3708 633 3780 est,
654 3703 683 3763 in
707 3702 774 3783 tpso
817 3693 878 3765 vita
901 3711 974 3765 erat.
1020 3703 1058 3766 Et
1077 3706 1137 3766 vita
1160 3710 1226 3766 erat
1247 3749 1254 3764 .
1274 3711 1377 3775 ..--“¹

335 3800 475 3880 sequitur.
519 3803 560 3870 At
578 3819 652 3863 sane
675 3803 813 3864 iniustum
838 3802 926 3882 soret,
946 3810 1069 3883 propter
1091 3804 1168 3866 haec
1191 3801 1282 3862 verba
1305 3801 1374 3864 Eri.

335 3917 443 3981 genam
464 3901 642 3980 pantheismi
677 3905 840 3966 accusaret
873 3939 912 3950 —
942 3905 1049 3966 Nonne
1079 3905 1166 3965 etiam
1190 3904 1303 3981 pictor,
1327 3903 1377 3984 qui

264 4005 272 4022 ·
334 4001 417 4078 regis
450 4001 610 4082 imaginem
638 4003 749 4086 pingit,
779 3984 951 4086 quaerenti,
979 4006 1050 4086 quid
1078 4004 1180 4082 iaciat,
1202 4003 1374 4086 respondet,

334 4100 367 4160 iit
386 4101 537 4163 rex?—“
