3014 4950
326 459 369 524 46

327 639 371 701 ttlt
404 633 482 702 enim
515 637 588 701 solis
621 637 835 719 propemodum
869 655 905 700 s.·
926 625 1090 720 scripturae
1119 645 1151 703 et
1169 657 1232 704 ss.
1255 647 1372 722 patrum

330 741 509 802 testimoniis
531 741 817 820 auctoritatibusque
844 741 1032 829 ιιίιιιιιιιιιιιιι·2
1062 743 1110 804 hic
1141 743 1373 823 „disputatpriae

328 841 418 902 artis“
440 877 480 890 -
502 843 535 900 ut
556 839 661 901 scribit
683 877 722 888 -
745 840 891 920 „regulis‘
911 841 1063 904 utebatur:
1093 842 1133 902 illi
1155 860 1180 904 s.
1205 845 1375 923 scripturae

320 947 358 1002 “st
378 957 402 1002 s.
415 959 440 1002 s.
461 947 576 1020 patrum
599 931 824 1002 auetoritatibus
844 941 893 1020 pio
917 959 952 1004 ac
973 942 1098 1022 simplici
1121 944 1220 1004 animo
1242 944 1372 1006 sesub-

328 1041 480 1118 halabant,
502 1040 551 1102 hic
572 1042 765 1102 auctoritates
789 1041 853 1101 illas
873 1041 951 1103 'duro
974 1059 1010 1102 ac
1035 1043 1165 1120 superbo
1190 1045 1303 1123 ingenii
1324 1045 1372 1105 sni

328 1141 453 1220 imperio
474 1139 640 1220 subigebat.
684 1139 871 1202 Meminimus
891 1139 1046 1220 prolecto,
1078 1157 1165 1220 quam
1194 1143 1372 1222 contemptis

329 1242 481 1319 artificiis,
512 1240 594 1320 quod
618 1247 724 1302 eontra
748 1258 783 1302 se
811 1241 914 1302 lacere
940 1241 1082 1316 vidisset,
1115 1248 1146 1302 ut
1168 1259 1185 1302 a
1208 1259 1242 1303 se
1268 1242 1371 1304 lacera

328 1341 475 1419 videatur,
509 1339 654 1401 elicuerit.
698 1339 855 1419 baoaria,
890 1359 976 1421 quem
1002 1341 1051 1402 ille
1072 1341 1188 1403 hostem
1210 1358 1370 1422 nompro-

326 1440 459 1522 lligarcti
481 1473 521 1489 -
543 1439 596 1501 Est
615 1439 743 1518 quidem,
764 1447 796 1502 ιιι
817 1441 880 1520 ipse
893 1457 1049 1521 quoqnes.
1065 1442 1243 1521 scripturae,
1264 1459 1288 1504 s.
1305 1444 1370 1503 Au-

322 1543 423 1622 gustin
442 1541 541 1603 ilooos
556 1557 630 1602 suae
647 1542 815 1602 sententiae
839 1549 1013 1622 argumenta
1035 1542 1177 1622 proterat,
1198 1545 1370 1618 verumitat,

326 1647 365 1722 si,
387 1651 419 1706 ui
442 1643 488 1704 his
508 1643 609 1706 verbis
630 1649 757 1719 utamur,
786 1649 873 1704 antea
899 1643 953 1724 ipsi
967 1645 1144 1706 sententiae
1167 1662 1240 1705 suae
1261 1631 1393 1706 luerint¹

315 1731 511 1825 plebanae).
554 1743 657 1822 Neque
682 1742 784 1804 lacere
807 1759 868 1803 non
898 1760 1074 1822 possumus,
1104 1746 1181 1823 quin·
1202 1742 1371 1818 classicum,

327 1853 361 1906 ut
381 1846 472 1923 aiunt,
494 1827 554 1904 hao¹
575 1843 612 1904 do
634 1862 668 1905 re
690 1837 800 1904 locun?
821 1859 860 1904 ex
878 1845 959 1904 Scoti
989 1845 1072 1905 libris
1099 1844 1137 1906 cle
1165 1845 1225 1906 div.
1241 1851 1370 1928 naturae

328 1943 497 2006 afferamus.
541 1943 646 2014 Sermo
675 1949 722 2004 est
750 1942 788 2004 de
810 1959 929 2004 sacrae·
939 1946 1103 2024 scripturae
1125 1951 1154 2006 et
1174 1963 1198 2006 s.
1210 1963 1233 2006 s.
1256 1951 1369 2025 patrum

329 2031 516 2107 auctoritate.
558 2042 669 2106 Scribit
689 2047 858 2120 notemur:
890 2043 1078 2118 „Auctoritas
1099 2063 1138 2106 ex
1158 2064 1230 2107 vera
1252 2047 1369 2106 ratione

328 2146 487 2227 processit,
508 2161 693 2224 nequaquam
715 2147 792 2205 ratio
815 2151 857 2204 ex'
873 2146 1069 2208 auctoritate:
1100 2147 1213 2224 „omnis
1236 2146 1369 2206 auctori.

329 2255 384 2322 tas,
407 2263 575 2325 qaae-vera
596 2247 713 2306 ratione
737 2261 796 2306 non
819 2247 1007 2324 approbatur,
1029 2247 1143 2308 infirma
1156 2246 1274 2308 vidotnr
1289 2263 1368 2306 esse.

328 2347 406 2408 Vera
441 2353 538 2406 autem
575 2345 714 2407 ratio-
736 2345 907 2411 -.nullius
943 2347 1127 2408 auctoritatis
1161 2344 1368 2426 astipulatione

327 2447 466 2508 roborari
489 2444 629 2527 indiget.“
1032 2497 1037 2506 .

406 2547 510 2626 Neque
531 2544 665 2624 hercula
694 2563 781 2624 quum
805 2546 891 2609 Scotr'
908 2547 1026 2625 incepta
1047 2546 1180 2627 grauiter
1200 2544 1368 2625 reprehen-

328 2647 481 2724 derimus,
504 2647 611 2725 quibus
633 2648 771 2714 excusari
794 2652 919 2726 queant,
947 2646 1067 2708 silentio
1092 2647 1364 2726 praetermittamus.

327 2747 529 2810 'transtulerat
562 2745 617 2822 (ci.
647 2763 712 2826 sup.
744 2763 810 2826 cap.
832 2747 886 2822 lll]
919 2747 1017 2809 Caroli
1051 2747 1125 2809 calui
1162 2747 1364 2810 iussu.libros

327 2847 600 2926 Pseudo-Dionysii
621 2835 824 2928 Areopagitae
846 2852 877 2908 et
897 2847 1032 2920 hlaximi„
1048 2863 1122 2927 quos
1146 2865 1180 2908 re
1202 2854 1233 2909 et
1254 2847 1366 2908 iacloa

326 2951 400 3011 viris
422 2947 491 3026 illis,
514 2949 620 3028 quibas
641 2949 731 3009 tribui
752 2946 899 3024 solebant,
925 2948 1113 3026 conscriptos
1135 2947 1272 3034 putabat.⁴
1307 2946 1367 3006 lta-

327 3066 385 3127 que
416 3065 554 3129 magnam
585 3047 722 3126 prolecto
756 3055 871 3127 ‘partem
903 3066 1016 3126 summa
1043 3055 1215 3110 sanctorum
1237 3049 1366 3112 virorum

327 3149 443 3210 illorum
465 3150 642 3210 anctoritate
668 3147 781 3222 lactum·
799 3155 853 3224 est,
873 3155 915 3226 nt,
945 3166 1021 3227 quae
1043 3148 1073 3209 im
1094 3147 1152 3209 illis
1173 3147 1368 3226 librisrepe.

327 3250 427 3323 risset,
445 3248 523 3334 adeo
545 3235 712 3324 adamaret,
733 3249 805 3310 nihil
827 3255 858 3310 ut
880 3251 916 3310 iis
939 3249 1132 3310 arbitraretur
1153 3249 1267 3323 verius,
1297 3245 1367 3306 nibil

328 3349 472 3426 divinius,
496 3365 593 3428 neque
616 3348 675 3412 ullo
697 3356 784 3428 pacto
807 3348 998 3410 dubitandum
1021 3367 1091 3410 esse
1113 3354 1262 3425 censeret,
1292 3363 1368 3426 quae

327 3448 374 3510 uel
398 3450 428 3510 in
452 3467 539 3511 sacra
560 3451 706 3531 scriptura
728 3450 774 3510 vel
796 3439 873 3530 apud
903 3469 964 3512 s.s.
987 3457 1086 3530 patres
1111 3448 1236 3511 edoctus
1261 3449 1368 3524 luerat,

331 3551 369 3610 ad
390 3549 505 3612 illomnr
527 3552 657 3617 virorum
680 3551 896 3630 philosophiam
919 3567 1070 3612 resecare.
1087 3589 1125 3601 -
1145 3550 1243 3629 Atque
1260 3549 1368 3611 Scolus

329 3651 444 3728 iserae,
460 3651 521 3731 qui,
532 3635 731 3732 quodcunque
744 3667 847 3712 uerum
862 3667 931 3712 osse
947 3650 1003 3712 sibi
1020 3657 1221 3730 persuaserat,
1233 3653 1368 3712 sanctum

322 3803 681 3825 *pff-’‘¹¹-

360 3881 1367 3955 fflssfflmfflmcmmstmmmhfflmemb-OE

431 3968 1367 4040 HameMmammmaffimxwfflbb-ctmm

370 4055 1152 4138 .mfflmmhffimmmffpfflfflspn

363 4159 753 4233 mmmmmhst
