3010 4946
330 477 388 540 102

326 654 396 729 boc,
419 651 478 712 boe
499 659 596 712 autem
619 667 698 728 non,
730 652 784 713 sed
808 654 906 714 omnir
932 659 995 714 est:
1015 653 1142 733 proinde
1168 672 1207 716 ex
1228 673 1374 738 superes-

325 753 506 816 sentialitate
537 770 611 814 suae
646 760 789 832 naturae,
819 754 849 815 in
880 771 938 833 qun
970 754 1081 817 dicitur
1114 773 1176 818 non
1197 774 1283 835 esse,
1305 761 1370 838 pri·
1492 799 1493 812 Ι

322 871 401 916 mum
435 853 628 933 descendens
652 856 691 929 ln
729 854 972 934 primordialibus
1011 856 1134 934 (causis)
1177 874 1195 918 a
1233 875 1269 920 so
1302 859 1369 938 ipso

327 962 464 1032 crentur,
485 962 515 1016 et
549 956 579 1016 bt
606 956 782 1036 principium
816 959 912 1027 omnis
943 957 1114 1031 essentiae,
1150 959 1247 1020 omnis
1282 960 1373 1046 vitoe,

324 1057 427 1116 omnis
463 1055 698 1136 intelligentiae,
728 1062 759 1116 et
792 1056 934 1134 omniurn,
968 1073 1046 1134 quoe
1080 1057 1111 1118 in
1132 1057 1373 1136 primordialibus

325 1147 425 1217 oensis
450 1155 930 1242 consideratgnostionibeoria:
955 1156 1064 1217 deinde
1082 1175 1120 1218 ex
1132 1156 1372 1235 primordialibus

324 1250 424 1317 causis
446 1263 539 1335 (quoe
576 1255 767 1320 medietatum
798 1256 948 1336 quondum
979 1259 1058 1318 inter
1087 1255 1175 1318 deum
1197 1263 1228 1318 et
1250 1263 1372 1319 orestu-

322 1373 386 1417 rnm
408 1356 563 1434 obtinent,
598 1356 628 1418 b.
658 1373 685 1424 e.
711 1358 789 1418 inter
809 1357 887 1418 illum
910 1355 1087 1418 inellnbilem
1107 1358 1371 1436 superessentiali-

323 1461 412 1518 tutem
437 1473 527 1536 super
550 1473 669 1518 ornnem
692 1456 885 1536 intellectum,
909 1464 940 1519 el
960 1456 1147 1520 menifestum
1162 1457 1369 1521 substantioli-

305 1563 370 1618 'ter
403 1564 557 1634 naturam,
594 1559 684 1637 puris
718 1557 825 1619 animis
851 1558 1069 1636 conspicuum)
1106 1557 1298 1620 descendens
1334 1561 1366 1621 in

321 1656 478 1718 ellectibus
511 1659 640 1736 ipsorum
668 1657 717 1736 tit,
750 1664 781 1718 et
813 1657 971 1733 manifeste
1006 1658 1036 1718 in
1077 1655 1267 1737 theophaniis
1304 1660 1368 1721 suis

323 1757 468 1836 operitur:
500 1757 611 1819 deinde
639 1773 694 1838 per
722 1757 899 1837 multiplices
929 1755 1088 1819 effectuum
1124 1757 1240 1819 formas
1272 1767 1408 1838 usque-¹

321 1857 359 1918 ud
382 1863 546 1920 extremum
579 1860 670 1920 totius
698 1857 829 1920 Naturae
858 1857 1012 1935 ordinem,
1031 1866 1095 1937 'quo
1118 1874 1247 1938 corpora
1268 1859 1364 1922 eonti-

321 1963 439 2036 nentur,
458 1959 608 2038 procedit,
629 1975 666 2020 no
687 1958 735 2020 sio
758 1957 895 2019 ordinate
916 1958 946 2019 in
968 1958 1067 2020 omnin
1090 1960 1274 2038 proveniens
1295 1960 1366 2021 lucit

323 2059 443 2137 omnin,
477 2065 507 2120 et
539 2057 571 2120 lit
600 2059 631 2120 in
665 2058 803 2121 omnibus
826 2059 943 2137 omnin,
964 2065 1003 2135 et,
1026 2057 1094 2120 dum
1116 2061 1146 2120 in
1168 2059 1305 2122 omnibus
1323 2059 1366 2139 lit,

306 2177 411 2240 ¹super
433 2160 532 2221 omnin
555 2177 625 2221 esse
648 2176 709 2221 non
743 2160 874 2235 desinit;
906 2176 943 2220 uo
978 2158 1016 2220 de
1044 2159 1136 2223 nihilo
1158 2159 1230 2221 looit
1253 2160 1366 2238 omnin,

320 2262 359 2323 de
380 2260 571 2322 suu'seilieet
592 2258 898 2340 superessentialitate
915 2258 1053 2339 producit
1072 2260 1231 2338 essentias,
1253 2259 1292 2320 de
1311 2277 1366 2322 su-

319 2360 518 2442 pervitalitate
549 2361 646 2437 vitus,
676 2358 715 2420 de
753 2357 1096 2440 superintellectualitate
1117 2359 1303 2437 intellectus,
1326 2359 1366 2421 de

321 2461 484 2542 negatione
505 2462 646 2537 omnium,
668 2477 746 2541 quoe
767 2467 836 2523 sunt
856 2466 885 2522 et
905 2475 982 2539 quoe
1003 2475 1064 2520 non
1087 2464 1165 2535 sunt,
1189 2457 1366 2526 affirmatio-

222 2633 229 2660 ·
321 2577 378 2622 nes
403 2561 532 2622 omnium
555 2577 634 2641 quoe
656 2566 735 2638 sunt,
755 2566 786 2622 et
807 2577 883 2642 pune
900 2576 962 2621 non
986 2566 1084 2621 sunit¹
1106 2560 1172 2638 (ΙΙΙ,
1194 2559 1260 2636 ib.)
1282 2559 1366 2622 Con‘.

324 2660 460 2722 seruntur
489 2667 648 2740 praeterea
683 2660 733 2738 ΙΙΙ,
754 2658 786 2739 4,
813 2661 860 2738 17,
880 2661 932 2738 93,
961 2661 1068 2740 quibus
1087 2660 1163 2722 loeis
1186 2660 1293 2722 eudem
1315 2675 1367 2722 res

321 2759 428 2822 iisdem
454 2777 527 2822 vere
550 2760 650 2822 verbis
673 2760 825 2822 declarata
848 2767 904 2822 est.
927 2797 967 2812 -

404 2859 452 2922 ΙΙ.
499 2862 618 2937 Seuius,
650 2868 806 2942 postquam
830 2880 879 2942 eo,
900 2879 977 2942 quae
1002 2859 1092 2922 modo
1115 2868 1159 2935 (p
1180 2859 1233 2937 38,
1254 2859 1302 2937 ΙΙΙ,
1325 2857 1364 2919 de

326 2961 385 3022 div.
408 2966 470 3021 nol.
493 2960 544 3038 ΙΙΙ,
567 2961 633 3036 ub.)
656 2963 782 3042 integris
804 2963 869 3024 eius
888 2961 990 3023 verbis
1012 2960 1159 3038 explicata
1182 2966 1259 3035 sunt,
1280 2957 1365 3018 edis-

321 3063 424 3138 seruit,
447 3061 505 3122 boo
534 3063 651 3122 ratione
688 3063 802 3143 pergit:
842 3063 942 3141 ,Haeo
964 3059 1058 3122 ardun
1082 3059 1169 3122 uelde
1195 3065 1274 3136 sunt,
1294 3064 1364 3119 etu

323 3163 464 3227 sensibus
492 3163 661 3242 corporolia
695 3171 726 3226 et
755 3163 884 3226 visibilia
920 3161 1113 3244 cogitantium
1148 3167 1283 3223 remoto:
1316 3159 1364 3221 bis

325 3279 412 3339 vero,
447 3265 496 3342 qui
529 3263 721 3342 spiritualiter
755 3267 787 3327 in
809 3266 1011 3346 cognitionem
1032 3264 1167 3325 veritatis
1190 3261 1367 3339 ascendunt,

325 3364 482 3424 uerissime
516 3363 695 3426 clarescunt.
750 3365 822 3438 Quis
851 3367 930 3427 enim
954 3364 1064 3426 clarum
1085 3363 1250 3443 supientiae
1271 3364 1367 3424 luceru

325 3480 452 3524 cornere
488 3464 651 3526 nolentium
688 3464 758 3526 tolia
792 3463 918 3527 audiens
952 3483 1013 3526 non
1045 3464 1186 3526 continuo
1217 3469 1368 3542 erumpat:

324 3563 523 3642 „insoniunt
544 3567 594 3643 qui
613 3564 694 3627 bueo
714 3566 843 3634 dicunt?
864 3603 904 3614 -
926 3564 1085 3638 Quomodo
1110 3565 1188 3625 enim
1211 3564 1293 3625 Deus
1315 3563 1366 3622 in·

325 3663 472 3740 visibilis,
508 3663 723 3745 incorporalis,
745 3665 978 3744 incorruptibilis
1000 3670 1101 3744 potest
1120 3682 1138 3725 a
1160 3680 1195 3724 se
1217 3664 1282 3742 ipso
1307 3659 1366 3721 de-

323 3761 474 3824 scendere
493 3754 540 3824 ‘et
569 3766 718 3844 seipsum
739 3765 770 3826 in
796 3765 933 3828 omnibus
955 3781 1078 3840 oreore,
1099 3770 1132 3826 ut
1150 3767 1190 3825 sit
1212 3761 1311 3822 omniu
1333 3760 1365 3822 in

325 3861 463 3923 omnibus
492 3868 638 3943 eiusque
660 3863 698 3925 od
718 3870 868 3932 extremos
889 3865 975 3926 buius
998 3863 1100 3926 mundi
1123 3859 1247 3924 visibilis
1268 3862 1365 3940 turpi-

327 3961 446 4024 tudines
479 3969 510 4023 st
533 3963 741 4043 corruptiones
771 3963 942 4041 vilissimos,
963 3963 1076 4026 formos
1098 3969 1128 4024 et
1150 3959 1269 4042 species
1291 3975 1366 4041 pro¹

328 4061 462 4141 cedere,
495 4070 527 4125 ut
555 4065 620 4146 ipso
648 4065 738 4128 etium
768 4061 801 4129 i'n
832 4066 870 4130 iis
897 4067 952 4146 sit,
981 4066 1019 4130 si.
1038 4063 1139 4127 omnia
1165 4065 1197 4127 iu
1227 4063 1365 4128 omuibus

321 4162 420 4225 est‘t“
440 4195 481 4210 -
905 4174 908 4180 ’
