3010 4946
294 501 353 566 luo

294 701 363 763 qne,
385 682 466 764 quod
497 683 528 744 in
558 683 595 746 iis
627 681 709 759 iecit,
738 680 878 762 quodque
914 681 945 744 in
975 668 1041 762 ip'so
1074 681 1218 761 suhsisiii,
1239 683 1341 759 uorii3

164 858 167 864 ,
295 785 375 867 quod
408 791 506 850 autem
540 783 656 848 iliorum
689 783 842 864 perversis
873 783 1004 846 molibus
1025 791 1151 848 naturae
1172 801 1189 848 a
1211 802 1246 850 se
1266 785 1342 848 sub·

295 887 414 950 stiiuiaa
447 885 576 962 accidit,
611 885 732 946 omnino
764 885 893 964 ignorat.
925 883 976 965 (V,
1007 885 1045 948 97
1080 886 1112 970 [Ι.
1140 886 1160 948 i.
1187 903 1214 966 p.
1240 887 1341 964 2594)

296 989 398 1066 dique
421 986 499 1048 hauc
523 987 616 1067 ipsam
651 1003 715 1048 rem
745 986 852 1048 Scoius
875 984 981 1048 iisdem
1001 988 1216 1066 propemodum
1239 986 1342 1050 verbis

295 1089 418 1166 saepius
442 1086 534 1148 docet
570 1085 625 1163 (ci.
655 1086 775 1163 11‚98;
807 1086 902 1148 eiusd.
934 1085 972 1146 de
1009 1088 1160 1168 praedest,
1184 1105 1248 1168 sup.
1275 1105 1341 1169 cap

295 1189 344 1266 iv,
371 1195 444 1250 noio.
468 1189 507 1250 98
527 1197 640 1268 sequ).
685 1187 751 1260 Quo
772 1193 870 1248 autem
893 1193 982 1266 pacio
1004 1188 1033 1250 iu
1056 1187 1183 1250 occuiiis
1203 1187 1343 1269 philoso—

295 1288 385 1368 phiae
410 1287 612 1370 Erigcniunae
637 1288 751 1352 sinibus
773 1294 841 1348 nala
864 1289 914 1361 sit,
935 1289 994 1349 iam
1017 1306 1107 1368 snpra
1132 1297 1177 1364 (s.
1204 1292 1272 1366 15.)
1293 1291 1344 1351 in·

297 1388 472 1450 dicavimus.
507 1390 606 1463 Quare
630 1389 739 1452 Scoius
761 1394 864 1450 nosier
889 1379 1001 1467 parurn,
1021 1395 1051 1451 ui
1074 1391 1263 1468 arbitramur,
1286 1389 1345 1451 sihi

300 1495 525 1552 consentaneus
546 1491 600 1552 inii
621 1492 650 1552 in
674 1489 744 1567 hoc,
767 1489 846 1570 quod
870 1489 1021 1552 nonnullis
1042 1489 1129 1568 locis,
1146 1508 1223 1571 quae
1244 1507 1261 1552 a
1285 1491 1344 1554 deo

297 1591 328 1651 iu
353 1589 524 1653 hominihus
549 1591 628 1652 iacis
651 1589 825 1667 creduntur,
846 1589 1010 1654 secundum
1034 1589 1186 1672 Erigonae
1207 1590 1344 1672 philoso-

296 1689 405 1770 phiam¹
419 1697 518 1758 audem
548 1697 672 1772 propior
701 1698 859 1772 paccatum
882 1693 969 1772 primi
983 1691 1113 1754 hominis
1134 1693 1171 1754 iis
1195 1691 1344 1754 accidisse

300 1797 376 1854 suni.
391 1791 537 1869 diceudo,
570 1793 640 1854 ideo
664 1811 681 1853 a
710 1809 826 1856 summo
848 1793 970 1854 numine
990 1791 1091 1854 divino
1115 1793 1146 1854 in
1170 1793 1243 1872 ipsis
1264 1791 1343 1854 incia

300 1908 370 1953 esse
391 1893 561 1971 ui'iirmavii,
584 1892 677 1974 quod,
703 1893 770 1954 iore
793 1899 826 1954 ui
843 1894 955 1972 primus
976 1890 1066 1954 homo
1081 1901 1233 1973 peccaret,
1254 1909 1345 1972 proo-

299 1994 441 2056 scivissei
464 2031 504 2042 -
526 1993 590 2071 (iv,
626 1992 663 2056 14
697 1993 757 2076 [ed.
789 1992 847 2056 Ox.
869 2011 898 2074 p.
924 1993 1009 2072 1951,
1032 1993 1071 2055 23
1096 1993 1178 2069 [ibid.
1203 2011 1230 2073 p.
1252 1992 1345 2071 21613

300 2093 342 2154 ci.
366 2093 402 2171 li,
426 2094 490 2170 12).
544 2093 648 2176 Neque
672 2093 795 2158 hercule
816 2096 1012 2176 ignoramus,
1037 2111 1124 2174 quam
1146 2093 1257 2156 Noster
1281 2109 1348 2154 ma-

300 2193 388 2256 nibus
410 2185 609 2274 pedibusque,
632 2200 664 2255 ui
684 2195 776 2272 aiunt,
799 2195 952 2276 meipsius
973 2192 1162 2274 philosophia
1191 2192 1348 2255 doctrinae

302 2282 484 2356 christianae
517 2295 674 2369 adversari
696 2295 852 2373 videniur,
877 2296 988 2357 obnixa
1010 2293 1113 2354 iacere
1136 2295 1349 2372 consueverii;

302 2411 360 2474 qua
380 2395 410 2454 iu
431 2413 477 2476 re,
499 2401 530 2457 ut
565 2393 679 2458 aiicuhi.
704 2395 827 2458 alioram
851 2396 971 2458 alterius
993 2395 1152 2457 commodo
1175 2394 1262 2455 nimis
1283 2395 1349 2456 oir-

301 2493 497 2574 oumciderei,
521 2495 671 2573 facillime,
695 2497 864 2576 opinamur,
885 2495 950 2557 fieri
974 2496 1078 2574 poinii.

388 2595 503 2669 Quodsi
537 2597 612 2658 deus
643 2612 751 2660 revera
781 2598 879 2660 omnia
909 2602 1033 2676 peccora
1054 2600 1173 2674 puiaiur
1194 2594 1348 2674 ignorare,

304 2712 405 2758 noune
438 2699 527 2760 eiiam
558 2698 625 2777 ipsa
656 2715 696 2758 ne
726 2715 834 2760 curare
867 2696 986 2778 quddam
1021 2702 1067 2758 esi
1099 2694 1273 2776 pudendus?
1309 2731 1348 2744 -

304 2794 381 2857 iiiuc
415 2797 572 2876 conficitur
603 2815 665 2860 uon
697 2797 815 2874 solnm,
843 2805 892 2873 ui,
915 2798 964 2877 qui
984 2798 1143 2877 peccavit,
1166 2813 1183 2856 a
1207 2797 1266 2856 deo
1286 2809 1346 2854 uon

305 2898 459 2976 puniaiur,
493 2897 524 2960 id
557 2898 636 2978 quod
670 2900 778 2962 Scoius
810 2899 875 2978 ipse
904 2903 935 2958 ei
965 2899 995 2959 in
1028 2897 1105 2963 iihro
1138 2895 1176 2957 de
1196 2893 1347 2976 praedest.

306 2997 361 3068 (ci.
391 3015 454 3078 sup.
487 3017 554 3078 cap.
588 2997 642 3073 iv)
674 3006 704 3061 ei
736 3001 766 3061 in
799 2999 883 3062 libris
913 2998 951 3059 de
976 2998 1125 3060 divisione
1147 3003 1271 3057 nainrao
1293 2993 1350 3070 (ci.

307 3096 358 3158 ini.
385 3105 415 3174 s.
439 3097 489 3176 59,
512 3099 544 3162 B.
569 3099 633 3175 iv.)
671 3102 824 3180 expressis
852 3099 954 3162 vcrhis
985 3098 1108 3176 doeuu,
1138 3113 1240 3158 verum
1262 3096 1352 3156 eiiam
1420 3131 1425 3140 ·

311 3197 435 3260 alierum
457 3200 535 3261 isind
567 3200 656 3262 mulio
691 3201 796 3278 maius,
818 3207 861 3278 ui,
882 3201 910 3264 si
932 3217 988 3279 qua
1011 3201 1042 3262 iu
1064 3216 1098 3260 re
1121 3214 1236 3260 morum
1260 3213 1353 3276 prae-

310 3304 397 3378 cepiu
430 3305 481 3362 aui
508 3301 601 3364 simus
629 3301 801 3381 migraturi,
834 3307 885 3364 aui
915 3300 1164 3382 migraverimus,
1195 3314 1234 3356 ne
1255 3297 1284 3358 iu
1305 3295 1353 3357 ui-

311 3398 369 3459 ium
392 3399 511 3479 quidem
531 3402 639 3464 summi
663 3401 752 3479 iilius,
775 3418 833 3484 quo
857 3415 914 3464 nos
931 3401 1005 3462 deus
1022 3399 1245 3478 compieciuiur,
1267 3411 1355 3456 umo-

311 3499 355 3563 ris
390 3500 606 3579 copiiuiiouem
635 3501 764 3579 deduci,
790 3508 879 3582 arque
901 3501 959 3562 hec
979 3519 1025 3578 re,
1045 3515 1123 3578 quaa
1146 3497 1282 3577 proiecio
1305 3495 1356 3557 in-

311 3600 419 3678 genuis
453 3600 622 3664 hominihus
651 3603 831 3665 acerrimum
863 3601 1010 3664 stimulum
1043 3598 1158 3665 addere
1181 3597 1292 3672 dehet,
1317 3595 1356 3674 ah

313 3699 468 3765 erroribus
487 3699 598 3765 nostris
629 3703 779 3781 possimus
810 3700 928 3763 abduci.
976 3700 1040 3762 Nec
1059 3698 1137 3760 male
1157 3713 1264 3760 sanum
1286 3694 1357 3774 qui·

315 3797 402 3875 ilem,
434 3807 594 3880 propterea
625 3801 705 3882 quod
744 3807 867 3882 poierna
903 3799 953 3864 dei
990 3800 1114 3862 caritate
1146 3799 1298 3876 iudignum
1323 3811 1358 3856 se

315 3900 519 3980 praestiterit,
549 3918 694 3980 peccasse
714 3902 871 3981 poenitere
890 3907 988 3981 meai
1011 3935 1053 3954 --
1074 3899 1135 3962 Sed
1156 3913 1237 3974 mox,
1259 3911 1359 3975 expo·

316 3998 386 4076 sito,
411 4017 486 4078 quae
507 4001 617 4063 Scoius
640 4002 678 4061 de
701 4008 891 4081 peccalorum
915 4003 1023 4082 poenis
1049 3997 1171 4074 sentiat,
1195 3995 1278 4076 plura
1300 3993 1361 4055 hac

319 4098 356 4160 dc
378 4117 411 4161 re
433 4100 576 4162 dicemus.
600 4137 641 4150 —

280 4191 283 4202 '
402 4198 435 4260 V.
482 4199 738 4273 Quemadmodum
761 4201 851 4284 igitur
874 4201 983 4265 Seuius
998 4198 1030 4260 iu
1053 4197 1131 4260 iihro
1154 4197 1192 4270 de
1208 4194 1360 4275 praedest.
