<?xml version="1.0" encoding="UTF-8"?>
<!DOCTYPE html PUBLIC "-//W3C//DTD XHTML 1.0 Transitional//EN"
    "http://www.w3.org/TR/xhtml1/DTD/xhtml1-transitional.dtd">
<html xmlns="http://www.w3.org/1999/xhtml" xml:lang="en" lang="en">
 <head>
  <title>
</title>
<meta http-equiv="Content-Type" content="text/html;charset=utf-8" />
  <meta name='ocr-system' content='tesseract 3.04.00' />
  <meta name='ocr-capabilities' content='ocr_page ocr_carea ocr_par ocr_line ocrx_word'/>
</head>
<body>
  <div class='ocr_page' id='page_1' title='image "./deioannescotoer01unkngoog_0012.png"; bbox 0 0 3014 4950; ppageno 0'>
   <div class='ocr_carea' id='block_1_1' title="bbox 1183 453 1204 516">
    <p class='ocr_par' dir='ltr' id='par_1_1' title="bbox 1183 453 1204 516">
     <span class='ocr_line' id='line_1_1' title="bbox 1183 453 1204 516; baseline 0 0"><span class='ocrx_word' id='word_1_1' title='bbox 1183 453 1204 516; x_wconf 82' lang='grc'>3</span> 
     </span>
    </p>
   </div>
   <div class='ocr_carea' id='block_1_2' title="bbox 43 633 1204 722">
    <p class='ocr_par' dir='ltr' id='par_1_2' title="bbox 43 633 1204 722">
     <span class='ocr_line' id='line_1_2' title="bbox 43 633 1204 722; baseline -0.005 -22"><span class='ocrx_word' id='word_1_2' title='bbox 43 695 80 702; x_wconf 86' lang='grc'><strong>..</strong></span> <span class='ocrx_word' id='word_1_3' title='bbox 157 659 194 708; x_wconf 86' lang='lat' dir='ltr'><strong>se</strong></span> <span class='ocrx_word' id='word_1_4' title='bbox 215 643 324 722; x_wconf 81' lang='lat' dir='ltr'><strong>liquet,</strong></span> <span class='ocrx_word' id='word_1_5' title='bbox 356 639 436 700; x_wconf 84' lang='lat' dir='ltr'><strong>bane</strong></span> <span class='ocrx_word' id='word_1_6' title='bbox 471 633 688 698; x_wconf 81' lang='lat' dir='ltr'><strong>occidentalem</strong></span> <span class='ocrx_word' id='word_1_7' title='bbox 723 633 851 714; x_wconf 81' lang='lat' dir='ltr'><strong>Angiiae</strong></span> <span class='ocrx_word' id='word_1_8' title='bbox 881 649 982 710; x_wconf 87' lang='lat' dir='ltr'><strong>oram,</strong></span> <span class='ocrx_word' id='word_1_9' title='bbox 1016 633 1064 696; x_wconf 91' lang='lat' dir='ltr'><strong>cui</strong></span> <span class='ocrx_word' id='word_1_10' title='bbox 1093 649 1204 695; x_wconf 91' lang='lat' dir='ltr'><strong>nomen</strong></span> 
     </span>
    </p>
   </div>
   <div class='ocr_carea' id='block_1_3' title="bbox 34 726 1205 819">
    <p class='ocr_par' dir='ltr' id='par_1_3' title="bbox 34 726 1205 819">
     <span class='ocr_line' id='line_1_3' title="bbox 34 726 1205 819; baseline -0.018 -3"><span class='ocrx_word' id='word_1_11' title='bbox 34 726 80 815; x_wconf 32' lang='grc' dir='ltr'><strong>*ζ</strong></span> <span class='ocrx_word' id='word_1_12' title='bbox 157 743 298 816; x_wconf 76' lang='lat' dir='ltr'>walliae,</span> <span class='ocrx_word' id='word_1_13' title='bbox 322 739 430 819; x_wconf 82' lang='lat' dir='ltr'>quippe</span> <span class='ocrx_word' id='word_1_14' title='bbox 450 737 643 816; x_wconf 84' lang='lat' dir='ltr'><strong>qnaeSootis‚</strong></span> <span class='ocrx_word' id='word_1_15' title='bbox 662 735 744 815; x_wconf 84' lang='lat' dir='ltr'><strong>genii</strong></span> <span class='ocrx_word' id='word_1_16' title='bbox 769 741 828 796; x_wconf 85' lang='lat' dir='ltr'><strong>iarn</strong></span> <span class='ocrx_word' id='word_1_17' title='bbox 850 733 1001 812; x_wconf 83' lang='lat' dir='ltr'><strong>inquietae</strong></span> <span class='ocrx_word' id='word_1_18' title='bbox 1024 741 1055 794; x_wconf 81' lang='lat' dir='ltr'><strong>eb</strong></span> <span class='ocrx_word' id='word_1_19' title='bbox 1075 733 1205 796; x_wconf 85' lang='lat' dir='ltr'><strong>bellico·-</strong></span> 
     </span>
    </p>
   </div>
   <div class='ocr_carea' id='block_1_4' title="bbox 66 818 1205 921">
    <p class='ocr_par' dir='ltr' id='par_1_4' title="bbox 66 818 1205 921">
     <span class='ocr_line' id='line_1_4' title="bbox 66 818 1205 921; baseline -0.011 -12"><span class='ocrx_word' id='word_1_20' title='bbox 66 818 81 909; x_wconf 56' lang='lat' dir='ltr'>s</span> <span class='ocrx_word' id='word_1_21' title='bbox 158 859 215 906; x_wconf 88' lang='lat' dir='ltr'><strong>sae</strong></span> <span class='ocrx_word' id='word_1_22' title='bbox 231 848 315 921; x_wconf 80' lang='lat' dir='ltr'><strong>abque</strong></span> <span class='ocrx_word' id='word_1_23' title='bbox 327 839 387 902; x_wconf 90' lang='lat' dir='ltr'><strong>iarn</strong></span> <span class='ocrx_word' id='word_1_24' title='bbox 400 843 468 900; x_wconf 85' lang='lat' dir='ltr'><strong>anie</strong></span> <span class='ocrx_word' id='word_1_25' title='bbox 486 837 631 898; x_wconf 82' lang='lat' dir='ltr'><strong>Christum</strong></span> <span class='ocrx_word' id='word_1_26' title='bbox 645 841 745 896; x_wconf 81' lang='lat' dir='ltr'><strong>natum</strong></span> <span class='ocrx_word' id='word_1_27' title='bbox 760 833 931 896; x_wconf 84' lang='lat' dir='ltr'>Hiberniam</span> <span class='ocrx_word' id='word_1_28' title='bbox 954 833 1106 908; x_wconf 76' lang='lat' dir='ltr'><strong>incolenti,</strong></span> <span class='ocrx_word' id='word_1_29' title='bbox 1130 852 1205 914; x_wconf 86' lang='lat' dir='ltr'><strong>pro·</strong></span> 
     </span>
    </p>
   </div>
   <div class='ocr_carea' id='block_1_5' title="bbox 50 930 1204 1116">
    <p class='ocr_par' dir='ltr' id='par_1_5' title="bbox 50 930 1204 1116">
     <span class='ocr_line' id='line_1_5' title="bbox 51 930 1204 1016; baseline -0.011 -10"><span class='ocrx_word' id='word_1_30' title='bbox 51 930 78 1014; x_wconf 59' lang='lat' dir='ltr'>s</span> <span class='ocrx_word' id='word_1_31' title='bbox 159 943 239 1004; x_wconf 86' lang='lat' dir='ltr'>xime</span> <span class='ocrx_word' id='word_1_32' title='bbox 263 939 438 1015; x_wconf 69' lang='lat' dir='ltr'><strong>admouent,</strong></span> <span class='ocrx_word' id='word_1_33' title='bbox 461 937 519 998; x_wconf 93' lang='lat' dir='ltr'><strong>iam</strong></span> <span class='ocrx_word' id='word_1_34' title='bbox 541 933 706 1016; x_wconf 77' lang='lat' dir='ltr'><strong>permulta</strong></span> <span class='ocrx_word' id='word_1_35' title='bbox 734 941 803 994; x_wconf 83' lang='lat' dir='ltr'><strong>anie</strong></span> <span class='ocrx_word' id='word_1_36' title='bbox 827 932 968 995; x_wconf 91' lang='lat' dir='ltr'><strong>loannem</strong></span> <span class='ocrx_word' id='word_1_37' title='bbox 991 940 1125 996; x_wconf 84' lang='lat' dir='ltr'><strong>nostrum</strong></span> <span class='ocrx_word' id='word_1_38' title='bbox 1150 952 1204 996; x_wconf 90' lang='lat' dir='ltr'><strong>se-</strong></span> 
     </span>
     <span class='ocr_line' id='line_1_6' title="bbox 50 1034 1202 1116; baseline -0.009 -10"><span class='ocrx_word' id='word_1_39' title='bbox 50 1034 70 1041; x_wconf 56' lang='lat'><em>*</em></span> <span class='ocrx_word' id='word_1_40' title='bbox 162 1042 229 1105; x_wconf 87' lang='lat' dir='ltr'><strong>cuia</strong></span> <span class='ocrx_word' id='word_1_41' title='bbox 264 1042 329 1102; x_wconf 89' lang='lat' dir='ltr'><strong>sive</strong></span> <span class='ocrx_word' id='word_1_42' title='bbox 361 1038 439 1114; x_wconf 86' lang='lat' dir='ltr'><strong>bello</strong></span> <span class='ocrx_word' id='word_1_43' title='bbox 472 1039 537 1098; x_wconf 88' lang='lat' dir='ltr'><strong>sive</strong></span> <span class='ocrx_word' id='word_1_44' title='bbox 567 1035 804 1116; x_wconf 86' lang='lat' dir='ltr'><strong>proieciionibus</strong></span> <span class='ocrx_word' id='word_1_45' title='bbox 825 1053 842 1096; x_wconf 90' lang='lat' dir='ltr'><strong>a</strong></span> <span class='ocrx_word' id='word_1_46' title='bbox 864 1035 963 1096; x_wconf 78' lang='lat' dir='ltr'><strong>scobis</strong></span> <span class='ocrx_word' id='word_1_47' title='bbox 985 1052 1202 1114; x_wconf 78' lang='lat' dir='ltr'><strong>saepenumero</strong></span> 
     </span>
    </p>
   </div>
   <div class='ocr_carea' id='block_1_6' title="bbox 162 1134 1204 1216">
    <p class='ocr_par' dir='ltr' id='par_1_6' title="bbox 162 1134 1204 1216">
     <span class='ocr_line' id='line_1_7' title="bbox 162 1134 1204 1216; baseline -0.012 -11"><span class='ocrx_word' id='word_1_48' title='bbox 162 1157 330 1204; x_wconf 87' lang='lat' dir='ltr'><strong>accessam.</strong></span> <span class='ocrx_word' id='word_1_49' title='bbox 372 1139 475 1216; x_wconf 85' lang='lat' dir='ltr'><strong>Neque</strong></span> <span class='ocrx_word' id='word_1_50' title='bbox 497 1136 605 1198; x_wconf 80' lang='lat' dir='ltr'><strong>frustra</strong></span> <span class='ocrx_word' id='word_1_51' title='bbox 627 1135 713 1197; x_wconf 90' lang='lat' dir='ltr'><strong>huius</strong></span> <span class='ocrx_word' id='word_1_52' title='bbox 735 1137 779 1196; x_wconf 89' lang='lat' dir='ltr'><strong>rei</strong></span> <span class='ocrx_word' id='word_1_53' title='bbox 800 1135 909 1196; x_wconf 90' lang='lat' dir='ltr'><strong>indicia</strong></span> <span class='ocrx_word' id='word_1_54' title='bbox 931 1134 1007 1212; x_wconf 90' lang='lat' dir='ltr'><strong>apud</strong></span> <span class='ocrx_word' id='word_1_55' title='bbox 1031 1153 1127 1196; x_wconf 87' lang='lat' dir='ltr'><strong>rernm</strong></span> <span class='ocrx_word' id='word_1_56' title='bbox 1150 1135 1204 1194; x_wconf 87' lang='lat' dir='ltr'><strong>Hi-</strong></span> 
     </span>
    </p>
   </div>
   <div class='ocr_carea' id='block_1_7' title="bbox 7 1235 1203 1416">
    <p class='ocr_par' dir='ltr' id='par_1_7' title="bbox 7 1235 1203 1416">
     <span class='ocr_line' id='line_1_8' title="bbox 43 1235 1203 1324; baseline -0.009 -18"><span class='ocrx_word' id='word_1_57' title='bbox 43 1305 75 1324; x_wconf 49' lang='grc'><strong>,,</strong></span> <span class='ocrx_word' id='word_1_58' title='bbox 159 1240 350 1305; x_wconf 88' lang='lat' dir='ltr'><strong>bernicarum</strong></span> <span class='ocrx_word' id='word_1_59' title='bbox 373 1244 512 1300; x_wconf 76' lang='lat' dir='ltr'><strong>auctores</strong></span> <span class='ocrx_word' id='word_1_60' title='bbox 537 1242 717 1316; x_wconf 82' lang='lat' dir='ltr'><strong>quaeruntur</strong></span> <span class='ocrx_word' id='word_1_61' title='bbox 729 1238 768 1310; x_wconf 81' lang='lat'><strong>⁷).</strong></span> <span class='ocrx_word' id='word_1_62' title='bbox 810 1235 916 1296; x_wconf 88' lang='lat' dir='ltr'><strong>Nonne</strong></span> <span class='ocrx_word' id='word_1_63' title='bbox 944 1242 1041 1296; x_wconf 85' lang='lat' dir='ltr'><strong>auiam</strong></span> <span class='ocrx_word' id='word_1_64' title='bbox 1073 1253 1203 1297; x_wconf 89' lang='lat' dir='ltr'><strong>necesse</strong></span> 
     </span>
     <span class='ocr_line' id='line_1_9' title="bbox 7 1323 1203 1416; baseline -0.007 -12"><span class='ocrx_word' id='word_1_65' title='bbox 7 1323 9 1330; x_wconf 37' lang='lat'><strong>¹</strong></span> <span class='ocrx_word' id='word_1_66' title='bbox 65 1337 76 1413; x_wconf 73' lang='lat'><strong>&#39;,</strong></span> <span class='ocrx_word' id='word_1_67' title='bbox 161 1342 232 1416; x_wconf 80' lang='lat' dir='ltr'><strong>fuit,</strong></span> <span class='ocrx_word' id='word_1_68' title='bbox 269 1338 320 1401; x_wconf 79' lang='lat' dir='ltr'><strong>tali</strong></span> <span class='ocrx_word' id='word_1_69' title='bbox 350 1339 514 1402; x_wconf 83' lang='lat' dir='ltr'><strong>occasione</strong></span> <span class='ocrx_word' id='word_1_70' title='bbox 546 1337 646 1399; x_wconf 87' lang='lat' dir='ltr'><strong>obiaia</strong></span> <span class='ocrx_word' id='word_1_71' title='bbox 678 1337 786 1400; x_wconf 83' lang='lat' dir='ltr'><strong>scotos</strong></span> <span class='ocrx_word' id='word_1_72' title='bbox 814 1337 951 1396; x_wconf 89' lang='lat' dir='ltr'><strong>homines</strong></span> <span class='ocrx_word' id='word_1_73' title='bbox 985 1335 1034 1397; x_wconf 89' lang='lat' dir='ltr'><strong>bie</strong></span> <span class='ocrx_word' id='word_1_74' title='bbox 1067 1335 1128 1398; x_wconf 88' lang='lat' dir='ltr'><strong>illio</strong></span> <span class='ocrx_word' id='word_1_75' title='bbox 1149 1353 1203 1416; x_wconf 86' lang='lat' dir='ltr'><strong>per</strong></span> 
     </span>
    </p>
   </div>
   <div class='ocr_carea' id='block_1_8' title="bbox 67 1420 1202 1518">
    <p class='ocr_par' dir='ltr' id='par_1_8' title="bbox 67 1420 1202 1518">
     <span class='ocr_line' id='line_1_10' title="bbox 67 1420 1202 1518; baseline -0.005 -16"><span class='ocrx_word' id='word_1_76' title='bbox 67 1420 78 1446; x_wconf 68' lang='lat'><em>⁵</em></span> <span class='ocrx_word' id='word_1_77' title='bbox 160 1439 300 1502; x_wconf 87' lang='lat' dir='ltr'><strong>Waiiiam</strong></span> <span class='ocrx_word' id='word_1_78' title='bbox 321 1455 478 1499; x_wconf 87' lang='lat' dir='ltr'><strong>remanere</strong></span> <span class='ocrx_word' id='word_1_79' title='bbox 501 1437 618 1518; x_wconf 89' lang='lat' dir='ltr'><strong>sibique</strong></span> <span class='ocrx_word' id='word_1_80' title='bbox 641 1435 821 1497; x_wconf 88' lang='lat' dir='ltr'><strong>domicilium</strong></span> <span class='ocrx_word' id='word_1_81' title='bbox 844 1435 1052 1498; x_wconf 79' lang='lat' dir='ltr'><strong>constituere?</strong></span> <span class='ocrx_word' id='word_1_82' title='bbox 1084 1433 1202 1496; x_wconf 88' lang='lat' dir='ltr'><strong>Deinde</strong></span> 
     </span>
    </p>
   </div>
   <div class='ocr_carea' id='block_1_9' title="bbox 63 1534 1201 1616">
    <p class='ocr_par' dir='ltr' id='par_1_9' title="bbox 63 1534 1201 1616">
     <span class='ocr_line' id='line_1_11' title="bbox 63 1534 1201 1616; baseline -0.008 -12"><span class='ocrx_word' id='word_1_83' title='bbox 63 1538 73 1548; x_wconf 87' lang='lat'>&#39;</span> <span class='ocrx_word' id='word_1_84' title='bbox 160 1541 228 1602; x_wconf 91' lang='lat' dir='ltr'><strong>sine</strong></span> <span class='ocrx_word' id='word_1_85' title='bbox 248 1539 307 1602; x_wconf 89' lang='lat' dir='ltr'><strong>ulia</strong></span> <span class='ocrx_word' id='word_1_86' title='bbox 328 1539 512 1600; x_wconf 82' lang='lat' dir='ltr'><strong>dubinrione</strong></span> <span class='ocrx_word' id='word_1_87' title='bbox 533 1544 698 1616; x_wconf 75' lang='lat' dir='ltr'><strong>temporum</strong></span> <span class='ocrx_word' id='word_1_88' title='bbox 717 1536 845 1597; x_wconf 87' lang='lat' dir='ltr'><strong>decursu</strong></span> <span class='ocrx_word' id='word_1_89' title='bbox 867 1535 978 1597; x_wconf 84' lang='lat' dir='ltr'><strong>facium</strong></span> <span class='ocrx_word' id='word_1_90' title='bbox 1002 1541 1064 1612; x_wconf 85' lang='lat' dir='ltr'><strong>esi,</strong></span> <span class='ocrx_word' id='word_1_91' title='bbox 1096 1541 1129 1595; x_wconf 83' lang='lat' dir='ltr'><strong>ui</strong></span> <span class='ocrx_word' id='word_1_92' title='bbox 1148 1534 1201 1601; x_wconf 87' lang='lat' dir='ltr'><strong>Pi·</strong></span> 
     </span>
    </p>
   </div>
   <div class='ocr_carea' id='block_1_10' title="bbox 158 1635 1201 1722">
    <p class='ocr_par' dir='ltr' id='par_1_10' title="bbox 44 1614 1201 1728">
     <span class='ocr_line' id='line_1_12' title="bbox 158 1635 1201 1722; baseline -0.01 -18.084"><span class='ocrx_word' id='word_1_93' title='bbox 158 1648 276 1704; x_wconf 86' lang='lat' dir='ltr'><strong>ciorum</strong></span> <span class='ocrx_word' id='word_1_94' title='bbox 296 1657 372 1722; x_wconf 85' lang='lat' dir='ltr'><strong>gens</strong></span> <span class='ocrx_word' id='word_1_95' title='bbox 395 1657 413 1700; x_wconf 89' lang='lat' dir='ltr'><strong>e</strong></span> <span class='ocrx_word' id='word_1_96' title='bbox 436 1639 538 1702; x_wconf 84' lang='lat' dir='ltr'><strong>Sooiia</strong></span> <span class='ocrx_word' id='word_1_97' title='bbox 560 1636 695 1717; x_wconf 75' lang='lat' dir='ltr'><strong>profecta</strong></span> <span class='ocrx_word' id='word_1_98' title='bbox 716 1637 746 1697; x_wconf 95' lang='lat' dir='ltr'><strong>in</strong></span> <span class='ocrx_word' id='word_1_99' title='bbox 771 1635 934 1698; x_wconf 86' lang='lat' dir='ltr'><strong>Waliorum</strong></span> <span class='ocrx_word' id='word_1_100' title='bbox 957 1635 1064 1698; x_wconf 90' lang='lat' dir='ltr'><strong>finibus</strong></span> <span class='ocrx_word' id='word_1_101' title='bbox 1086 1652 1201 1696; x_wconf 87' lang='lat' dir='ltr'><strong>consa-</strong></span> 
     </span>
    </p>
   </div>
   <div class='ocr_carea' id='block_1_11' title="bbox 56 1728 1201 1820">
    <p class='ocr_par' dir='ltr' id='par_1_11' title="bbox 56 1728 1201 1820">
     <span class='ocr_line' id='line_1_13' title="bbox 56 1728 1201 1820; baseline -0.01 -15"><span class='ocrx_word' id='word_1_102' title='bbox 56 1744 70 1752; x_wconf 84' lang='lat'><em>&#39;</em></span> <span class='ocrx_word' id='word_1_103' title='bbox 158 1728 247 1819; x_wconf 80' lang='lat' dir='ltr'><strong>derit,</strong></span> <span class='ocrx_word' id='word_1_104' title='bbox 269 1757 383 1820; x_wconf 91' lang='lat' dir='ltr'><strong>eosque</strong></span> <span class='ocrx_word' id='word_1_105' title='bbox 407 1741 500 1818; x_wconf 85' lang='lat' dir='ltr'><strong>ipsos,</strong></span> <span class='ocrx_word' id='word_1_106' title='bbox 522 1739 571 1818; x_wconf 90' lang='lat' dir='ltr'><strong>qui</strong></span> <span class='ocrx_word' id='word_1_107' title='bbox 593 1739 680 1798; x_wconf 85' lang='lat' dir='ltr'><strong>eiiam</strong></span> <span class='ocrx_word' id='word_1_108' title='bbox 703 1754 781 1798; x_wconf 92' lang='lat' dir='ltr'><strong>nuno</strong></span> <span class='ocrx_word' id='word_1_109' title='bbox 802 1743 879 1814; x_wconf 76' lang='lat' dir='ltr'><strong>suni,</strong></span> <span class='ocrx_word' id='word_1_110' title='bbox 912 1735 1026 1799; x_wconf 90' lang='lat' dir='ltr'><strong>Wallos</strong></span> <span class='ocrx_word' id='word_1_111' title='bbox 1046 1752 1201 1816; x_wconf 83' lang='lat' dir='ltr'><strong>progene-</strong></span> 
     </span>
    </p>
   </div>
   <div class='ocr_carea' id='block_1_12' title="bbox 57 1835 1199 2020">
    <p class='ocr_par' dir='ltr' id='par_1_12' title="bbox 57 1835 1199 2020">
     <span class='ocr_line' id='line_1_14' title="bbox 57 1835 1199 1918; baseline -0.008 -13"><span class='ocrx_word' id='word_1_112' title='bbox 57 1846 63 1854; x_wconf 86' lang='lat'>&#39;</span> <span class='ocrx_word' id='word_1_113' title='bbox 155 1841 324 1918; x_wconf 67' lang='lat' dir='ltr'><strong>navariae).</strong></span> <span class='ocrx_word' id='word_1_114' title='bbox 369 1839 462 1912; x_wconf 82' lang='lat' dir='ltr'><strong>Ouum</strong></span> <span class='ocrx_word' id='word_1_115' title='bbox 485 1855 578 1915; x_wconf 90' lang='lat' dir='ltr'><strong>vero,</strong></span> <span class='ocrx_word' id='word_1_116' title='bbox 607 1836 678 1900; x_wconf 89' lang='lat' dir='ltr'><strong>huic</strong></span> <span class='ocrx_word' id='word_1_117' title='bbox 697 1836 843 1898; x_wconf 87' lang='lat' dir='ltr'><strong>Piciorum</strong></span> <span class='ocrx_word' id='word_1_118' title='bbox 863 1837 946 1918; x_wconf 83' lang='lat' dir='ltr'><strong>genii</strong></span> <span class='ocrx_word' id='word_1_119' title='bbox 967 1837 1076 1898; x_wconf 83' lang='lat' dir='ltr'><strong>Socios</strong></span> <span class='ocrx_word' id='word_1_120' title='bbox 1106 1835 1199 1898; x_wconf 85' lang='lat' dir='ltr'><strong>inisse</strong></span> 
     </span>
     <span class='ocr_line' id='line_1_15' title="bbox 158 1936 1199 2020; baseline -0.008 -16"><span class='ocrx_word' id='word_1_121' title='bbox 158 1940 436 2016; x_wconf 72' lang='lat' dir='ltr'><strong>coniunctissimos,</strong></span> <span class='ocrx_word' id='word_1_122' title='bbox 466 1937 601 2016; x_wconf 86' lang='lat' dir='ltr'><strong>fidosque</strong></span> <span class='ocrx_word' id='word_1_123' title='bbox 617 1954 652 1998; x_wconf 88' lang='lat' dir='ltr'><strong>sa</strong></span> <span class='ocrx_word' id='word_1_124' title='bbox 674 1937 730 2017; x_wconf 95' lang='lat' dir='ltr'><strong>ipsi</strong></span> <span class='ocrx_word' id='word_1_125' title='bbox 751 1937 903 1999; x_wconf 81' lang='lat' dir='ltr'><strong>addidisse</strong></span> <span class='ocrx_word' id='word_1_126' title='bbox 926 1936 1199 2020; x_wconf 76' lang='lat' dir='ltr'><strong>peregrinationum</strong></span> 
     </span>
    </p>
   </div>
   <div class='ocr_carea' id='block_1_13' title="bbox 26 2029 1198 2223">
    <p class='ocr_par' dir='ltr' id='par_1_13' title="bbox 26 2029 1198 2223">
     <span class='ocr_line' id='line_1_16' title="bbox 26 2029 1198 2120; baseline -0.009 -14"><span class='ocrx_word' id='word_1_127' title='bbox 26 2029 40 2039; x_wconf 68' lang='grc'><em>’</em></span> <span class='ocrx_word' id='word_1_128' title='bbox 156 2041 364 2120; x_wconf 85' lang='lat' dir='ltr'><strong>bellorumque</strong></span> <span class='ocrx_word' id='word_1_129' title='bbox 384 2038 497 2115; x_wconf 85' lang='lat' dir='ltr'><strong>socios,</strong></span> <span class='ocrx_word' id='word_1_130' title='bbox 519 2055 558 2100; x_wconf 89' lang='lat' dir='ltr'><strong>ex</strong></span> <span class='ocrx_word' id='word_1_131' title='bbox 577 2037 786 2100; x_wconf 80' lang='lat' dir='ltr'><strong>historicorum</strong></span> <span class='ocrx_word' id='word_1_132' title='bbox 807 2035 891 2098; x_wconf 91' lang='lat' dir='ltr'><strong>libris</strong></span> <span class='ocrx_word' id='word_1_133' title='bbox 916 2037 1087 2113; x_wconf 67' lang='lat' dir='ltr'><strong>consiei‘i),</strong></span> <span class='ocrx_word' id='word_1_134' title='bbox 1116 2041 1198 2096; x_wconf 87' lang='lat' dir='ltr'><strong>cerie</strong></span> 
     </span>
     <span class='ocr_line' id='line_1_17' title="bbox 42 2137 1198 2223; baseline -0.008 -16"><span class='ocrx_word' id='word_1_135' title='bbox 42 2161 53 2168; x_wconf 92' lang='lat'>·</span> <span class='ocrx_word' id='word_1_136' title='bbox 159 2143 289 2206; x_wconf 78' lang='lat' dir='ltr'><strong>dubitari</strong></span> <span class='ocrx_word' id='word_1_137' title='bbox 322 2160 382 2205; x_wconf 92' lang='lat' dir='ltr'><strong>nou</strong></span> <span class='ocrx_word' id='word_1_138' title='bbox 416 2147 531 2223; x_wconf 76' lang='lat' dir='ltr'><strong>potest,</strong></span> <span class='ocrx_word' id='word_1_139' title='bbox 566 2143 636 2221; x_wconf 89' lang='lat' dir='ltr'><strong>quin</strong></span> <span class='ocrx_word' id='word_1_140' title='bbox 666 2158 726 2204; x_wconf 88' lang='lat' dir='ltr'><strong>una</strong></span> <span class='ocrx_word' id='word_1_141' title='bbox 756 2159 822 2202; x_wconf 90' lang='lat' dir='ltr'><strong>cnm</strong></span> <span class='ocrx_word' id='word_1_142' title='bbox 841 2140 930 2202; x_wconf 84' lang='lat' dir='ltr'><strong>Pioiis</strong></span> <span class='ocrx_word' id='word_1_143' title='bbox 950 2139 1039 2200; x_wconf 86' lang='lat' dir='ltr'><strong>etiam</strong></span> <span class='ocrx_word' id='word_1_144' title='bbox 1061 2138 1143 2202; x_wconf 85' lang='lat' dir='ltr'><strong>Socii</strong></span> <span class='ocrx_word' id='word_1_145' title='bbox 1167 2137 1198 2198; x_wconf 95' lang='lat' dir='ltr'><strong>in</strong></span> 
     </span>
    </p>
   </div>
   <div class='ocr_carea' id='block_1_14' title="bbox 154 2239 1249 2508">
    <p class='ocr_par' dir='ltr' id='par_1_14' title="bbox 154 2239 1249 2508">
     <span class='ocr_line' id='line_1_18' title="bbox 157 2239 1249 2326; baseline -0.006 -21"><span class='ocrx_word' id='word_1_146' title='bbox 157 2243 267 2306; x_wconf 89' lang='lat' dir='ltr'><strong>Waiiia</strong></span> <span class='ocrx_word' id='word_1_147' title='bbox 287 2243 575 2324; x_wconf 79' lang='lat' dir='ltr'><strong>incoluerintanpue</strong></span> <span class='ocrx_word' id='word_1_148' title='bbox 596 2248 753 2321; x_wconf 74' lang='lat' dir='ltr'><strong>praeterea</strong></span> <span class='ocrx_word' id='word_1_149' title='bbox 775 2247 892 2302; x_wconf 77' lang='lat' dir='ltr'><strong>retento</strong></span> <span class='ocrx_word' id='word_1_150' title='bbox 914 2241 1035 2320; x_wconf 90' lang='lat' dir='ltr'><strong>proprio</strong></span> <span class='ocrx_word' id='word_1_151' title='bbox 1050 2255 1105 2300; x_wconf 92' lang='lat' dir='ltr'><strong>suo</strong></span> <span class='ocrx_word' id='word_1_152' title='bbox 1119 2239 1198 2302; x_wconf 83' lang='lat' dir='ltr'><strong>Soo—</strong></span> <span class='ocrx_word' id='word_1_153' title='bbox 1246 2321 1249 2326; x_wconf 25' lang='grc' dir='ltr'>Ι</span> 
     </span>
     <span class='ocr_line' id='line_1_19' title="bbox 160 2341 1198 2420; baseline -0.006 -14"><span class='ocrx_word' id='word_1_154' title='bbox 160 2351 256 2408; x_wconf 84' lang='lat' dir='ltr'><strong>iorum</strong></span> <span class='ocrx_word' id='word_1_155' title='bbox 279 2344 400 2406; x_wconf 89' lang='lat' dir='ltr'><strong>nomine</strong></span> <span class='ocrx_word' id='word_1_156' title='bbox 422 2345 499 2405; x_wconf 84' lang='lat' dir='ltr'><strong>inter</strong></span> <span class='ocrx_word' id='word_1_157' title='bbox 520 2342 617 2404; x_wconf 81' lang='lat' dir='ltr'><strong>Pictos</strong></span> <span class='ocrx_word' id='word_1_158' title='bbox 631 2342 837 2404; x_wconf 85' lang='lat' dir='ltr'><strong>babiiaverinl.</strong></span> <span class='ocrx_word' id='word_1_159' title='bbox 859 2342 922 2406; x_wconf 90' lang='lat' dir='ltr'><strong>Nec</strong></span> <span class='ocrx_word' id='word_1_160' title='bbox 936 2349 1099 2420; x_wconf 78' lang='lat' dir='ltr'><strong>temporum</strong></span> <span class='ocrx_word' id='word_1_161' title='bbox 1120 2341 1198 2400; x_wconf 86' lang='lat' dir='ltr'><strong>raiio</strong></span> 
     </span>
     <span class='ocr_line' id='line_1_20' title="bbox 154 2439 1195 2508; baseline -0.013 0"><span class='ocrx_word' id='word_1_162' title='bbox 154 2445 204 2508; x_wconf 92' lang='lat' dir='ltr'><strong>his</strong></span> <span class='ocrx_word' id='word_1_163' title='bbox 226 2447 336 2508; x_wconf 88' lang='lat' dir='ltr'><strong>nosiris</strong></span> <span class='ocrx_word' id='word_1_164' title='bbox 358 2445 525 2506; x_wconf 80' lang='lat' dir='ltr'><strong>rationibus</strong></span> <span class='ocrx_word' id='word_1_165' title='bbox 545 2443 643 2506; x_wconf 86' lang='lat' dir='ltr'><strong>aliena</strong></span> <span class='ocrx_word' id='word_1_166' title='bbox 663 2450 727 2504; x_wconf 80' lang='lat' dir='ltr'><strong>esi:</strong></span> <span class='ocrx_word' id='word_1_167' title='bbox 751 2443 827 2504; x_wconf 89' lang='lat' dir='ltr'><strong>baec</strong></span> <span class='ocrx_word' id='word_1_168' title='bbox 849 2443 927 2504; x_wconf 91' lang='lat' dir='ltr'><strong>enim</strong></span> <span class='ocrx_word' id='word_1_169' title='bbox 951 2442 1028 2504; x_wconf 84' lang='lat' dir='ltr'><strong>incia</strong></span> <span class='ocrx_word' id='word_1_170' title='bbox 1050 2445 1119 2502; x_wconf 86' lang='lat' dir='ltr'><strong>suni</strong></span> <span class='ocrx_word' id='word_1_171' title='bbox 1134 2439 1195 2500; x_wconf 90' lang='lat' dir='ltr'><strong>cir.</strong></span> 
     </span>
    </p>
   </div>
   <div class='ocr_carea' id='block_1_15' title="bbox 19 2542 1195 2825">
    <p class='ocr_par' dir='ltr' id='par_1_15' title="bbox 19 2542 1195 2825">
     <span class='ocr_line' id='line_1_21' title="bbox 41 2542 1195 2624; baseline -0.007 -17"><span class='ocrx_word' id='word_1_172' title='bbox 41 2548 46 2561; x_wconf 94' lang='lat'>&#39;</span> <span class='ocrx_word' id='word_1_173' title='bbox 157 2546 234 2606; x_wconf 84' lang='lat' dir='ltr'><strong>ciier</strong></span> <span class='ocrx_word' id='word_1_174' title='bbox 252 2545 312 2607; x_wconf 85' lang='lat' dir='ltr'><strong>DC.</strong></span> <span class='ocrx_word' id='word_1_175' title='bbox 335 2551 404 2624; x_wconf 84' lang='lat' dir='ltr'><strong>post</strong></span> <span class='ocrx_word' id='word_1_176' title='bbox 426 2543 532 2605; x_wconf 81' lang='lat' dir='ltr'><strong>Christ.</strong></span> <span class='ocrx_word' id='word_1_177' title='bbox 556 2551 617 2605; x_wconf 84' lang='lat' dir='ltr'><strong>nai.</strong></span> <span class='ocrx_word' id='word_1_178' title='bbox 647 2561 755 2606; x_wconf 88' lang='lat' dir='ltr'><strong>annum</strong></span> <span class='ocrx_word' id='word_1_179' title='bbox 768 2548 826 2619; x_wconf 86' lang='lat'>¹⁰),</span> <span class='ocrx_word' id='word_1_180' title='bbox 862 2549 892 2603; x_wconf 79' lang='lat' dir='ltr'><strong>ei</strong></span> <span class='ocrx_word' id='word_1_181' title='bbox 920 2542 1049 2605; x_wconf 88' lang='lat' dir='ltr'><strong>ioannes</strong></span> <span class='ocrx_word' id='word_1_182' title='bbox 1079 2545 1195 2614; x_wconf 87' lang='lat' dir='ltr'><strong>nosier,</strong></span> 
     </span>
     <span class='ocr_line' id='line_1_22' title="bbox 29 2639 1195 2725; baseline -0.007 -18"><span class='ocrx_word' id='word_1_183' title='bbox 29 2643 47 2684; x_wconf 68' lang='lat'><strong>2&#39;</strong></span> <span class='ocrx_word' id='word_1_184' title='bbox 154 2661 217 2706; x_wconf 93' lang='lat' dir='ltr'><strong>non</strong></span> <span class='ocrx_word' id='word_1_185' title='bbox 239 2645 374 2721; x_wconf 74' lang='lat' dir='ltr'><strong>mutatis,</strong></span> <span class='ocrx_word' id='word_1_186' title='bbox 404 2651 544 2725; x_wconf 78' lang='lat' dir='ltr'><strong>quantum</strong></span> <span class='ocrx_word' id='word_1_187' title='bbox 566 2645 748 2724; x_wconf 82' lang='lat' dir='ltr'><strong>reperimus,</strong></span> <span class='ocrx_word' id='word_1_188' title='bbox 779 2661 834 2723; x_wconf 90' lang='lat' dir='ltr'><strong>per</strong></span> <span class='ocrx_word' id='word_1_189' title='bbox 856 2661 892 2704; x_wconf 90' lang='lat' dir='ltr'><strong>ea</strong></span> <span class='ocrx_word' id='word_1_190' title='bbox 913 2649 1045 2722; x_wconf 80' lang='lat' dir='ltr'><strong>tempora</strong></span> <span class='ocrx_word' id='word_1_191' title='bbox 1067 2639 1195 2701; x_wconf 90' lang='lat' dir='ltr'><strong>Waiiiae</strong></span> 
     </span>
     <span class='ocr_line' id='line_1_23' title="bbox 19 2739 1194 2825; baseline -0.009 -16"><span class='ocrx_word' id='word_1_192' title='bbox 19 2780 34 2791; x_wconf 84' lang='lat'>-</span> <span class='ocrx_word' id='word_1_193' title='bbox 152 2744 271 2822; x_wconf 84' lang='lat' dir='ltr'><strong>incolis,</strong></span> <span class='ocrx_word' id='word_1_194' title='bbox 307 2746 427 2808; x_wconf 85' lang='lat' dir='ltr'><strong>circiter</strong></span> <span class='ocrx_word' id='word_1_195' title='bbox 456 2745 564 2808; x_wconf 81' lang='lat' dir='ltr'>DCCC.</span> <span class='ocrx_word' id='word_1_196' title='bbox 596 2751 672 2825; x_wconf 82' lang='lat' dir='ltr'><strong>posi.</strong></span> <span class='ocrx_word' id='word_1_197' title='bbox 707 2744 813 2807; x_wconf 82' lang='lat' dir='ltr'><strong>Christ.</strong></span> <span class='ocrx_word' id='word_1_198' title='bbox 846 2751 906 2808; x_wconf 80' lang='lat' dir='ltr'><strong>nab.</strong></span> <span class='ocrx_word' id='word_1_199' title='bbox 934 2761 1042 2806; x_wconf 88' lang='lat' dir='ltr'><strong>annum</strong></span> <span class='ocrx_word' id='word_1_200' title='bbox 1064 2742 1094 2802; x_wconf 91' lang='lat' dir='ltr'><strong>in</strong></span> <span class='ocrx_word' id='word_1_201' title='bbox 1115 2739 1194 2801; x_wconf 92' lang='lat' dir='ltr'><strong>bano</strong></span> 
     </span>
    </p>
   </div>
   <div class='ocr_carea' id='block_1_16' title="bbox 148 2840 1195 3130">
    <p class='ocr_par' dir='ltr' id='par_1_16' title="bbox 148 2840 1195 3130">
     <span class='ocr_line' id='line_1_24' title="bbox 148 2840 1195 2942; baseline -0.006 -34"><span class='ocrx_word' id='word_1_202' title='bbox 148 2845 251 2942; x_wconf 28' lang='lat' dir='ltr'><strong>&#39;iucem</strong></span> <span class='ocrx_word' id='word_1_203' title='bbox 277 2852 434 2926; x_wconf 77' lang='lat' dir='ltr'><strong>susceptus</strong></span> <span class='ocrx_word' id='word_1_204' title='bbox 456 2852 510 2908; x_wconf 84' lang='lat' dir='ltr'><strong>esi.</strong></span> <span class='ocrx_word' id='word_1_205' title='bbox 552 2845 665 2924; x_wconf 75' lang='lat' dir='ltr'><strong>Restat,</strong></span> <span class='ocrx_word' id='word_1_206' title='bbox 693 2854 725 2908; x_wconf 85' lang='lat' dir='ltr'><strong>ui</strong></span> <span class='ocrx_word' id='word_1_207' title='bbox 747 2847 952 2908; x_wconf 75' lang='lat' dir='ltr'><strong>auctoritatem</strong></span> <span class='ocrx_word' id='word_1_208' title='bbox 977 2843 1108 2904; x_wconf 82' lang='lat' dir='ltr'><strong>Thomna</strong></span> <span class='ocrx_word' id='word_1_209' title='bbox 1131 2840 1195 2902; x_wconf 91' lang='lat' dir='ltr'><strong>Ga-</strong></span> 
     </span>
     <span class='ocr_line' id='line_1_25' title="bbox 152 2943 1194 3028; baseline -0.005 -20"><span class='ocrx_word' id='word_1_210' title='bbox 152 2947 193 3009; x_wconf 90' lang='lat' dir='ltr'><strong>lei</strong></span> <span class='ocrx_word' id='word_1_211' title='bbox 213 2946 390 3025; x_wconf 84' lang='lat' dir='ltr'><strong>afferamus,</strong></span> <span class='ocrx_word' id='word_1_212' title='bbox 413 2948 479 3028; x_wconf 85' lang='lat' dir='ltr'><strong>qui,</strong></span> <span class='ocrx_word' id='word_1_213' title='bbox 501 2947 626 3010; x_wconf 90' lang='lat' dir='ltr'><strong>eandem</strong></span> <span class='ocrx_word' id='word_1_214' title='bbox 647 2948 802 3010; x_wconf 89' lang='lat' dir='ltr'><strong>nobiscum</strong></span> <span class='ocrx_word' id='word_1_215' title='bbox 826 2966 889 3009; x_wconf 90' lang='lat' dir='ltr'><strong>rem</strong></span> <span class='ocrx_word' id='word_1_216' title='bbox 913 2946 1113 3027; x_wconf 86' lang='lat' dir='ltr'><strong>probaiurus,</strong></span> <span class='ocrx_word' id='word_1_217' title='bbox 1144 2943 1194 3004; x_wconf 89' lang='lat' dir='ltr'><strong>di-</strong></span> 
     </span>
     <span class='ocr_line' id='line_1_26' title="bbox 150 3047 1193 3130; baseline -0.004 -20"><span class='ocrx_word' id='word_1_218' title='bbox 150 3054 232 3110; x_wconf 80' lang='lat' dir='ltr'><strong>serie</strong></span> <span class='ocrx_word' id='word_1_219' title='bbox 255 3047 296 3110; x_wconf 83' lang='lat' dir='ltr'><strong>ait</strong></span> <span class='ocrx_word' id='word_1_220' title='bbox 316 3048 444 3126; x_wconf 82' lang='lat' dir='ltr'><strong>„Sontes</strong></span> <span class='ocrx_word' id='word_1_221' title='bbox 466 3049 625 3130; x_wconf 88' lang='lat' dir='ltr'><strong>aliquando</strong></span> <span class='ocrx_word' id='word_1_222' title='bbox 642 3049 804 3112; x_wconf 80' lang='lat' dir='ltr'><strong>wallorum</strong></span> <span class='ocrx_word' id='word_1_223' title='bbox 815 3051 889 3111; x_wconf 88' lang='lat' dir='ltr'><strong>iines</strong></span> <span class='ocrx_word' id='word_1_224' title='bbox 903 3063 1069 3128; x_wconf 85' lang='lat' dir='ltr'><strong>occupasse</strong></span> <span class='ocrx_word' id='word_1_225' title='bbox 1081 3048 1193 3119; x_wconf 83' lang='lat'><strong>¹¹)“-</strong></span> 
     </span>
    </p>
   </div>
   <div class='ocr_carea' id='block_1_17' title="bbox 27 3145 1191 3229">
    <p class='ocr_par' dir='ltr' id='par_1_17' title="bbox 27 3145 1191 3229">
     <span class='ocr_line' id='line_1_27' title="bbox 27 3145 1191 3229; baseline -0.003 -19"><span class='ocrx_word' id='word_1_226' title='bbox 27 3195 31 3203; x_wconf 91' lang='lat'>.</span> <span class='ocrx_word' id='word_1_227' title='bbox 151 3155 184 3210; x_wconf 83' lang='lat' dir='ltr'><strong>ut</strong></span> <span class='ocrx_word' id='word_1_228' title='bbox 211 3152 249 3210; x_wconf 83' lang='lat' dir='ltr'><strong>sii</strong></span> <span class='ocrx_word' id='word_1_229' title='bbox 280 3149 310 3210; x_wconf 94' lang='lat' dir='ltr'><strong>in</strong></span> <span class='ocrx_word' id='word_1_230' title='bbox 340 3147 417 3212; x_wconf 92' lang='lat' dir='ltr'><strong>libro</strong></span> <span class='ocrx_word' id='word_1_231' title='bbox 449 3149 600 3212; x_wconf 86' lang='lat' dir='ltr'><strong>ecciesiae</strong></span> <span class='ocrx_word' id='word_1_232' title='bbox 630 3150 835 3214; x_wconf 88' lang='lat' dir='ltr'><strong>Landavensis</strong></span> <span class='ocrx_word' id='word_1_233' title='bbox 866 3155 896 3212; x_wconf 83' lang='lat' dir='ltr'><strong>ei</strong></span> <span class='ocrx_word' id='word_1_234' title='bbox 929 3147 1007 3229; x_wconf 90' lang='lat' dir='ltr'><strong>apud</strong></span> <span class='ocrx_word' id='word_1_235' title='bbox 1040 3145 1191 3210; x_wconf 87' lang='lat' dir='ltr'><strong>Giraidum</strong></span> 
     </span>
    </p>
   </div>
   <div class='ocr_carea' id='block_1_18' title="bbox 26 3247 1192 3836">
    <p class='ocr_par' dir='ltr' id='par_1_18' title="bbox 153 3247 373 3312">
     <span class='ocr_line' id='line_1_28' title="bbox 153 3247 373 3312; baseline 0.014 -4"><span class='ocrx_word' id='word_1_236' title='bbox 153 3247 373 3312; x_wconf 85' lang='lat' dir='ltr'><strong>Gambrensem.</strong></span> 
     </span>
    </p>

    <p class='ocr_par' dir='ltr' id='par_1_19' title="bbox 26 3341 1192 3836">
     <span class='ocr_line' id='line_1_29' title="bbox 235 3341 1192 3432; baseline -0.002 -22"><span class='ocrx_word' id='word_1_237' title='bbox 235 3347 347 3420; x_wconf 86' lang='lat' dir='ltr'><strong>Quibus</strong></span> <span class='ocrx_word' id='word_1_238' title='bbox 369 3341 410 3410; x_wconf 76' lang='lat' dir='ltr'><strong>iia</strong></span> <span class='ocrx_word' id='word_1_239' title='bbox 432 3351 577 3430; x_wconf 86' lang='lat' dir='ltr'><strong>exposiiis</strong></span> <span class='ocrx_word' id='word_1_240' title='bbox 597 3357 729 3432; x_wconf 78' lang='lat' dir='ltr'><strong>apparet,</strong></span> <span class='ocrx_word' id='word_1_241' title='bbox 762 3368 852 3432; x_wconf 90' lang='lat' dir='ltr'><strong>posse</strong></span> <span class='ocrx_word' id='word_1_242' title='bbox 876 3357 935 3413; x_wconf 88' lang='lat' dir='ltr'><strong>iarn</strong></span> <span class='ocrx_word' id='word_1_243' title='bbox 956 3349 1032 3426; x_wconf 88' lang='lat' dir='ltr'><strong>iilos,</strong></span> <span class='ocrx_word' id='word_1_244' title='bbox 1065 3347 1114 3428; x_wconf 86' lang='lat' dir='ltr'><strong>qui</strong></span> <span class='ocrx_word' id='word_1_245' title='bbox 1136 3346 1192 3409; x_wconf 84' lang='lat' dir='ltr'><strong>Hi·-</strong></span> 
     </span>
     <span class='ocr_line' id='line_1_30' title="bbox 26 3445 1190 3572; baseline -0.002 -63"><span class='ocrx_word' id='word_1_246' title='bbox 26 3453 46 3486; x_wconf 73' lang='lat'><strong>-&#39;</strong></span> <span class='ocrx_word' id='word_1_247' title='bbox 148 3445 305 3525; x_wconf 81' lang='lat' dir='ltr'><strong>bernium,</strong></span> <span class='ocrx_word' id='word_1_248' title='bbox 338 3467 425 3530; x_wconf 83' lang='lat' dir='ltr'><strong>quam</strong></span> <span class='ocrx_word' id='word_1_249' title='bbox 460 3450 509 3529; x_wconf 90' lang='lat' dir='ltr'><strong>qui</strong></span> <span class='ocrx_word' id='word_1_250' title='bbox 540 3451 671 3513; x_wconf 85' lang='lat' dir='ltr'><strong>Sooiiam</strong></span> <span class='ocrx_word' id='word_1_251' title='bbox 702 3449 765 3572; x_wconf 31' lang='lat' dir='ltr'><strong>vei}</strong></span> <span class='ocrx_word' id='word_1_252' title='bbox 782 3450 1027 3536; x_wconf 57' lang='lat' dir='ltr'><strong>deniqneiipsam</strong></span> <span class='ocrx_word' id='word_1_253' title='bbox 1051 3447 1190 3530; x_wconf 85' lang='lat' dir='ltr'><strong>Angliam</strong></span> 
     </span>
     <span class='ocr_line' id='line_1_31' title="bbox 203 3665 602 3733; baseline 0.003 -15"><span class='ocrx_word' id='word_1_254' title='bbox 203 3665 233 3733; x_wconf 77' lang='lat'><strong>7)</strong></span> <span class='ocrx_word' id='word_1_255' title='bbox 254 3666 289 3717; x_wconf 79' lang='lat' dir='ltr'><strong>cf.</strong></span> <span class='ocrx_word' id='word_1_256' title='bbox 309 3667 405 3720; x_wconf 80' lang='lat' dir='ltr'><strong>Thena.</strong></span> <span class='ocrx_word' id='word_1_257' title='bbox 424 3669 526 3721; x_wconf 85' lang='lat' dir='ltr'><strong>Moere.</strong></span> <span class='ocrx_word' id='word_1_258' title='bbox 545 3667 564 3718; x_wconf 87' lang='grc'><strong>1.</strong></span> <span class='ocrx_word' id='word_1_259' title='bbox 584 3669 602 3719; x_wconf 88' lang='grc' dir='ltr'><strong>Ι.</strong></span> 
     </span>
     <span class='ocr_line' id='line_1_32' title="bbox 199 3765 602 3836; baseline 0.007 -17"><span class='ocrx_word' id='word_1_260' title='bbox 199 3765 230 3836; x_wconf 90' lang='lat'><strong>8)</strong></span> <span class='ocrx_word' id='word_1_261' title='bbox 248 3767 280 3821; x_wconf 84' lang='lat' dir='ltr'><strong>ef.</strong></span> <span class='ocrx_word' id='word_1_262' title='bbox 303 3771 402 3824; x_wconf 83' lang='lat' dir='ltr'><strong>Thom·</strong></span> <span class='ocrx_word' id='word_1_263' title='bbox 419 3771 521 3824; x_wconf 80' lang='lat' dir='ltr'><strong>Maece.</strong></span> <span class='ocrx_word' id='word_1_264' title='bbox 542 3771 561 3822; x_wconf 89' lang='lat' dir='ltr'><strong>l.</strong></span> <span class='ocrx_word' id='word_1_265' title='bbox 584 3772 602 3822; x_wconf 90' lang='lat' dir='ltr'><strong>l.</strong></span> 
     </span>
    </p>
   </div>
   <div class='ocr_carea' id='block_1_19' title="bbox 197 3867 1187 4034">
    <p class='ocr_par' dir='ltr' id='par_1_20' title="bbox 197 3867 1187 4034">
     <span class='ocr_line' id='line_1_33' title="bbox 197 3867 1187 3944; baseline 0 -22"><span class='ocrx_word' id='word_1_266' title='bbox 197 3867 227 3937; x_wconf 83' lang='lat'><strong>9)</strong></span> <span class='ocrx_word' id='word_1_267' title='bbox 249 3872 282 3924; x_wconf 82' lang='lat' dir='ltr'><strong>ci.</strong></span> <span class='ocrx_word' id='word_1_268' title='bbox 309 3874 406 3929; x_wconf 78' lang='lat' dir='ltr'><strong>Thoan.</strong></span> <span class='ocrx_word' id='word_1_269' title='bbox 432 3875 537 3926; x_wconf 80' lang='lat' dir='ltr'><strong>Moero.</strong></span> <span class='ocrx_word' id='word_1_270' title='bbox 558 3876 576 3925; x_wconf 94' lang='lat' dir='ltr'><strong>l.</strong></span> <span class='ocrx_word' id='word_1_271' title='bbox 604 3876 622 3926; x_wconf 87' lang='lat' dir='ltr'><strong>i.</strong></span> <span class='ocrx_word' id='word_1_272' title='bbox 651 3874 715 3944; x_wconf 87' lang='lat' dir='ltr'><strong>(hoc</strong></span> <span class='ocrx_word' id='word_1_273' title='bbox 742 3875 801 3926; x_wconf 89' lang='lat' dir='ltr'><strong>loco</strong></span> <span class='ocrx_word' id='word_1_274' title='bbox 831 3874 866 3924; x_wconf 86' lang='lat' dir='ltr'><strong>cf.</strong></span> <span class='ocrx_word' id='word_1_275' title='bbox 892 3873 981 3926; x_wconf 70' lang='lat' dir='ltr'><strong>bedae</strong></span> <span class='ocrx_word' id='word_1_276' title='bbox 1006 3874 1107 3927; x_wconf 78' lang='lat' dir='ltr'><strong>Vener.</strong></span> <span class='ocrx_word' id='word_1_277' title='bbox 1124 3871 1187 3924; x_wconf 82' lang='lat' dir='ltr'><strong>bist.</strong></span> 
     </span>
     <span class='ocr_line' id='line_1_34' title="bbox 248 3959 950 4034; baseline -0.003 -20"><span class='ocrx_word' id='word_1_278' title='bbox 248 3962 345 4014; x_wconf 80' lang='lat' dir='ltr'><strong>eccles.</strong></span> <span class='ocrx_word' id='word_1_279' title='bbox 366 3963 453 4030; x_wconf 80' lang='lat' dir='ltr'><strong>geniis</strong></span> <span class='ocrx_word' id='word_1_280' title='bbox 474 3961 552 4029; x_wconf 75' lang='lat' dir='ltr'><strong>Aurgi.</strong></span> <span class='ocrx_word' id='word_1_281' title='bbox 574 3963 595 4025; x_wconf 85' lang='lat'><strong>1,</strong></span> <span class='ocrx_word' id='word_1_282' title='bbox 618 3962 654 4034; x_wconf 87' lang='lat'><strong>1),</strong></span> <span class='ocrx_word' id='word_1_283' title='bbox 674 3961 725 4015; x_wconf 79' lang='lat'><strong>174</strong></span> <span class='ocrx_word' id='word_1_284' title='bbox 742 3980 761 4015; x_wconf 84' lang='lat' dir='ltr'><strong>s.</strong></span> <span class='ocrx_word' id='word_1_285' title='bbox 771 3980 791 4014; x_wconf 90' lang='lat' dir='ltr'><strong>s.</strong></span> <span class='ocrx_word' id='word_1_286' title='bbox 814 3959 872 4025; x_wconf 84' lang='lat'>180,</span> <span class='ocrx_word' id='word_1_287' title='bbox 892 3959 950 4014; x_wconf 77' lang='lat'><strong>273.</strong></span> 
     </span>
    </p>
   </div>
   <div class='ocr_carea' id='block_1_20' title="bbox 179 4065 603 4236">
    <p class='ocr_par' dir='ltr' id='par_1_21' title="bbox 179 4065 603 4236">
     <span class='ocr_line' id='line_1_35' title="bbox 185 4065 603 4134; baseline 0 -17"><span class='ocrx_word' id='word_1_288' title='bbox 185 4065 231 4134; x_wconf 85' lang='lat'><strong>10)</strong></span> <span class='ocrx_word' id='word_1_289' title='bbox 250 4067 284 4118; x_wconf 83' lang='lat' dir='ltr'><strong>ci.</strong></span> <span class='ocrx_word' id='word_1_290' title='bbox 306 4066 405 4120; x_wconf 80' lang='lat' dir='ltr'><strong>Thoan.</strong></span> <span class='ocrx_word' id='word_1_291' title='bbox 423 4067 527 4120; x_wconf 73' lang='lat' dir='ltr'><strong>Moero.</strong></span> <span class='ocrx_word' id='word_1_292' title='bbox 547 4068 566 4117; x_wconf 92' lang='lat' dir='ltr'><strong>l.</strong></span> <span class='ocrx_word' id='word_1_293' title='bbox 585 4067 603 4118; x_wconf 83' lang='lat' dir='ltr'><strong>i.</strong></span> 
     </span>
     <span class='ocr_line' id='line_1_36' title="bbox 179 4169 566 4236; baseline 0.003 -17"><span class='ocrx_word' id='word_1_294' title='bbox 179 4170 226 4236; x_wconf 84' lang='lat'><strong>11)</strong></span> <span class='ocrx_word' id='word_1_295' title='bbox 248 4169 282 4220; x_wconf 80' lang='lat' dir='ltr'><strong>cf.</strong></span> <span class='ocrx_word' id='word_1_296' title='bbox 299 4171 397 4223; x_wconf 84' lang='lat' dir='ltr'><strong>Thom.</strong></span> <span class='ocrx_word' id='word_1_297' title='bbox 417 4171 492 4223; x_wconf 81' lang='lat' dir='ltr'><strong>Gale.</strong></span> <span class='ocrx_word' id='word_1_298' title='bbox 511 4172 528 4224; x_wconf 85' lang='lat' dir='ltr'><strong>i.</strong></span> <span class='ocrx_word' id='word_1_299' title='bbox 547 4170 566 4221; x_wconf 94' lang='grc'><strong>1.</strong></span> 
     </span>
    </p>
   </div>
   <div class='ocr_carea' id='block_1_21' title="bbox 0 0 1512 4950">
    <p class='ocr_par' dir='ltr' id='par_1_22' title="bbox 0 0 1512 4950">
     <span class='ocr_line' id='line_1_37' title="bbox 0 0 1512 4950; baseline 0 1"><span class='ocrx_word' id='word_1_300' title='bbox 0 0 1512 4950; x_wconf 95' lang='lat' dir='ltr'><strong> </strong></span> 
     </span>
    </p>
   </div>
  </div>
 </body>
</html>
