3014 4950
1184 429 1202 492 9

160 615 274 694 scripta
285 611 341 688 ²⁶),
371 609 528 690 colligitur,
561 607 638 668 diem
659 625 826 688 supremum
848 609 965 672 ridetur
987 611 1108 690 obiisse,
1137 613 1204 676 uttis

162 717 310 791 onmino,
343 729 420 790 quae
440 710 560 790 probari
580 710 716 787 possint,
742 713 941 790 argumentis,
978 712 1008 774 id
1029 715 1108 793 quod
1127 715 1204 778 inira

164 826 251 896 (cap.
276 814 323 896 V).
338 809 547 886 ostendemus,
566 809 710 884 et'srcitur,
743 811 837 891 ipsum
858 812 933 875 ultra
956 831 1064 876 annum
1086 817 1205 878 circiter

165 912 380 979 DCCCLXXV.
407 911 495 972 vitam
516 909 705 988 produxisse.

250 1012 367 1076 Deinde
388 1013 463 1072 satis
485 1008 671 1089 exploratum
693 1009 834 1087 habetur,
871 1011 929 1092 iam
952 1013 1074 1074 circiter
1096 1033 1204 1076 annum

165 1114 298 1180 DCCCL.
331 1113 470 1174 ioannem
500 1117 635 1172 nostrum
655 1127 691 1171 ea
712 1110 866 1172 doetrinae
886 1114 984 1193 gioria
1005 1131 1060 1193 per
1081 1115 1202 1176 Gattiam

163 1197 268 1282 notum
289 1217 392 1292 fuisse,
412 1221 445 1277 ut
464 1214 494 1275 in
513 1230 692 1276 summorum
714 1215 843 1275 virorum
868 1215 906 1277 de
929 1217 1203 1296 praedestinatione

167 1318 371 1382 controversia
380 1315 567 1391 Hincmarus,
579 1313 821 1395 archiepiscopus
835 1315 1000 1392 Remensis,
1012 1323 1042 1378 et
1052 1317 1204 1396 Parduius,

165 1420 258 1499 episc.
282 1416 500 1492 Laudunensis,
522 1405 599 1493 eum',
622 1416 672 1501 qui
695 1433 777 1476 suam
800 1433 918 1495 quoque
942 1415 999 1478 hac
1021 1417 1059 1477 de
1081 1435 1115 1479 re
1130 1435 1204 1479 sen-

165 1519 287 1602 tentiam
306 1515 400 1577 literis
419 1515 588 1602 illustraret,
610 1515 775 1593 impulerint
784 1519 837 1592 ²⁷).
860 1517 948 1578 ‘Scoti
963 1516 1040 1578 liber
1058 1517 1095 1579 de
1113 1535 1204 1599 prae-

165 1619 364 1680 destinatione
388 1615 500 1694 prodiit
518 1631 597 1676 anno
620 1615 751 1676 DCCCL!
764 1621 816 1693 ²⁸).
859 1603 922 1678 Huc
954 1618 1089 1697 accedit,
1123 1621 1203 1701 quod

164 1721 271 1785 Suetus
296 1719 361 1779 sine
381 1716 439 1778 ulia
459 1705 663 1793 dubitatione,
694 1723 725 1777 ut
753 1717 902 1798 incapite
931 1719 979 1781 111.
1001 1705 1204 1798 ostendemus,

72 1805 76 1814 ’
164 1820 223 1883 iam
245 1826 314 1881 ante
337 1816 467 1880 DCCCL.
490 1815 591 1888 Caroli
613 1816 694 1878 Calvi
713 1817 795 1880 iussu
816 1807 1086 1901 Pseudo.Dionysii
1102 1822 1204 1884 Arco-

140 1923 285 2002 pagitae
314 1919 407 1980 libros
440 1933 479 1977 ex
513 1933 625 1997 graeco
659 1933 800 1979 sermone
832 1921 862 1980 in
894 1921 1015 1982 latinum
1048 1922 1203 1984 transtulit.

164 2023 280 2085 Verum
301 2019 327 2080 si
348 2019 412 2099 quis
433 2016 511 2079 hauc
532 2017 626 2097 ipsam
642 2035 705 2078 rem
726 2026 864 2081 accurate
879 2022 1080 2101 perpenderit,
1103 2021 1203 2100 tacite,

166 2121 336 2203 opinamur,
372 2117 539 2196 concedet,
571 2117 712 2180 loannem
744 2120 802 2181 iam
832 2121 943 2200 aliquot
966 2122 1094 2184 fortasse
1118 2123 1203 2184 annis

167 2228 237 2284 ante
267 2239 375 2284 annum
410 2219 542 2285 DCCCL.
574 2219 605 2280 in
633 2220 726 2282 Gattta
756 2207 857 2283 tuisse.
902 2222 985 2295 Quae
1019 2240 1068 2284 res
1099 2225 1203 2286 mirum

165 2327 305 2402 quantum
317 2337 355 2382 eo
367 2320 507 2399 firmatur,
520 2320 599 2400 quod
609 2337 633 2381 s.
649 2321 832 2398 Prudentius,
841 2323 998 2402 episcopus
1006 2323 1203 2402 tricassinus,

162 2430 197 2486 ut
225 2422 331 2503 procul
354 2421 445 2484 dubio
470 2421 618 2483 affirmare
640 2438 729 2502 posse
749 2423 893 2500 videmur,
925 2424 982 2485 iam
1004 2431 1074 2485 ante
1095 2439 1204 2486 annum

165 2521 377 2586 DCCCXLVli.
408 2523 437 2582 in
464 2523 596 2583 intimam
629 2540 696 2584 cum
717 2523 829 2585 Ioanne
850 2530 954 2585 nostro
977 2523 1203 2588 familiaritatem

164 2625 318 2706 pervenit;
339 2623 427 2706 idque
448 2626 480 2685 in
501 2625 567 2704 ipsa
589 2623 688 2686 Caroli
708 2624 790 2687 Calvi
814 2627 900 2707 regia
923 2643 1059 2688 versans.
1110 2627 1204 2689 Com-

163 2725 259 2806 petlat
276 2725 401 2787 enims.
423 2725 599 2787 Prudentius
620 2727 650 2786 in
673 2725 749 2788 libro
772 2742 839 2804 suo,
872 2727 921 2806 qui
941 2727 1113 2789 inscribitur
1148 2727 1204 2808 „de

163 2823 439 2907 praedestinatione
451 2831 556 2887 contra
570 2825 591 2886 1.
606 2826 725 2888 Scotum
736 2825 928 2907 Erigonam,“
949 2828 1057 2908 quique
1075 2827 1150 2889 iiber
1164 2843 1203 2889 eo

163 2927 242 3008 ipso,
276 2930 360 2990 ouius
378 2929 558 2989 mentionem
581 2927 717 3004 fecimus,
748 2925 869 2990 loannis
888 2929 969 2992 Scoti
993 2929 1031 2990 de
1052 2929 1204 3008 praedest.

163 3025 260 3106 libro,
281 3034 462 3108 provocatus
487 3035 567 3106 erat,
598 3046 664 3089 eum
687 3035 718 3089 ut
740 3027 908 3108 hominem,
929 3031 1048 3110 antiqua
1071 3031 1129 3091 iam
1155 3029 1204 3091 ta-

165 3129 333 3191 miiiaritate
360 3128 418 3191 sibi
443 3130 726 3190 coniunctissimum.
769 3128 802 3191 ln
832 3131 897 3210 ipso
926 3121 992 3192 tiiri
1023 3131 1203 3202 exordio²⁹t

167 3229 387 3310 „Biaspiremias
409 3234 518 3306 tuas,“
553 3232 611 3308 ait,
645 3229 794 3308 „ioannes
822 3249 965 3311 percurso
1001 3233 1204 3310 perversitatis

169 3337 237 3392 tuae
257 3333 334 3394 libro
367 3347 404 3392 eo
437 3330 588 3394 molestius
616 3333 740 3411 accepi,
777 3349 835 3410 quo
864 3338 893 3394 te
927 3331 1100 3394 tarnitiarius
1137 3349 1203 3393 am-

169 3483 513 3502 Ἢ

200 3581 250 3651 26)
272 3583 306 3635 cf.
324 3585 385 3638 Nat.
405 3586 479 3636 Alex.
500 3583 561 3635 hist.
580 3584 674 3634 eccles.
693 3591 757 3634 tom.
785 3580 835 3642 vt,
860 3580 993 3632 dissertat.
1023 3579 1056 3632 de
1082 3581 1103 3632 t.
1130 3581 1202 3638 Scut.

264 3674 375 3742 Erigena
394 3709 400 3722 .
422 3707 453 3724 ..
477 3672 499 3742 §.
522 3672 546 3735 1,
565 3671 610 3724 vt.

205 3774 252 3844 27)
272 3776 305 3826 cf.
325 3792 383 3846 sup.
402 3783 459 3827 not.
478 3775 504 3834 3,
526 3805 559 3816 -

198 3877 246 3946 28)
266 3879 299 3930 cf.
317 3878 375 3931 Nat.
395 3879 471 3929 Alex.
493 3878 556 3930 hist.
578 3880 671 3930 eccles.
690 3895 758 3929 saec.
777 3877 858 3931 itt-tt.
879 3875 940 3926 diss.
954 3874 986 3935 V,
1006 3870 1026 3942 §.
1038 3873 1081 3923 VI.
1097 3873 1128 3924 N.
1140 3872 1202 3940 v113

262 3963 324 4016 hist.
340 3965 393 4032 litt.
413 3965 446 4017 de
465 3967 492 4017 ia
513 3965 621 4029 Franco,
640 3965 763 4054 ‘⁰¹¹¹:V’
788 3982 814 4034 p.
834 3963 888 4016 422
908 3961 987 4026 med,
1010 3979 1036 4032 p.
1055 3959 1107 4013 248
1127 3971 1203 4024 extr,

262 4070 289 4121 p.
311 4053 371 4104 229.
389 4054 458 4106 med.

199 4155 247 4222 29)
270 4157 303 4206 cf.
323 4157 439 4209 Maxima
460 4155 586 4208 biblioth.
604 4165 654 4208 vet.
674 4165 778 4226 patrum
800 4164 863 4207 tom.
883 4155 938 4218 XV,
958 4173 983 4223 p.
1002 4150 1054 4205 468
1073 4151 1104 4202 D.
