3014 4950
328 445 369 510 42

417 623 501 695 Quae
524 639 590 684 eura
609 623 650 684 ila
672 622 741 698 sint,
761 623 879 686 facilem
899 623 958 686 iam
977 623 1087 686 lralrcnt
1107 623 1283 704 explicatum
1297 639 1373 702 pec-

330 728 464 785 catorum
486 739 614 802 poenae.
656 723 729 794 Suul
753 723 831 786 enim
853 722 945 802 nihil,
961 787 964 792 ,
978 726 1036 787 nisi
1066 721 1262 804 ,voluntatim
1292 740 1370 801 quae

329 830 444 903 peccat,
468 824 629 900 eruciatus,
656 824 762 904 quibus
785 823 922 900 allicitur,
954 825 1021 886 dum
1045 842 1093 901 cn,
1124 841 1199 904 quoe
1222 823 1370 898 mulcant

325 922 449 1006 indigae
468 926 588 1004 appetit,
611 923 724 987 habere
746 941 808 988 non
829 924 960 986 sinitur.“
980 965 1020 978 --
1043 925 1135 1004 ,llum
1157 925 1235 997 enim
1257 923 1367 1002 impio-

326 1041 390 1086 rum
412 1025 543 1103 nequitia
565 1023 637 1087 nilril
660 1024 739 1088 aliud
761 1026 879 1105 appetit,
902 1025 961 1086 nisi
981 1025 1019 1096 ub
1042 1025 1370 1104 co,qutestsum1na
1401 1079 1405 1088 .

327 1123 458 1184 essentia
482 1123 510 1184 iir
532 1127 643 1186 tantum
664 1123 830 1202 recedere,
860 1128 892 1186 ut
919 1141 1022 1186 eorum
1039 1129 1157 1192 ¹natura
1186 1123 1216 1184 in
1246 1121 1368 1186 attritum

324 1221 431 1284 redeat
452 1259 492 1272 -
514 1221 673 1286 difficultas
695 1224 724 1284 ei
747 1241 785 1286 ex
806 1224 938 1302 aeternis
961 1222 1080 1306 legibus
1097 1216 1237 1306 commit,
1267 1240 1306 1284 ne
1337 1222 1367 1282 in

327 1328 437 1384 tantum
460 1321 567 1399 cadat,
597 1329 737 1402 quantum
760 1323 862 1386 velletr
902 1341 941 1386 ex
969 1341 1006 1384 ea
1043 1323 1214 1386 difficultate
1243 1322 1369 1400 laboral,

325 1421 492 1487 laborando
515 1430 680 1504 torquetur,
702 1427 828 1504 punitur,
850 1426 1082 1500 cruciatur-³³).“
1180 1483 1184 1502 ,
1352 1487 1355 1496 ,

411 1523 525 1596 Quibus
559 1525 704 1604 expositis
738 1525 959 1605 quodammodo
980 1526 1038 1588 iam
1059 1532 1162 1606 patere
1181 1523 1367 1597 arltitramur,

326 1639 414 1702 quem
437 1624 514 1684 ratio
535 1641 698 1702 poenarum
720 1631 873 1688 auctorem
895 1625 999 1688 haberi
1022 1625 1154 1687 iubeat..
1175 1623 1238 1686 lluc
1268 1623 1370 1704 igitur,

328 1739 405 1802 quae
431 1720 470 1782 de
493 1739 531 1784 eo
554 1723 708 1801 docentur,
732 1725 885 1790 allerenda
908 1743 978 1788 esse
999 1725 1174 1806 putavimus.

407 1821 552 1885 Perverse
574 1823 665 1905 igitur
686 1825 840 1906 voluntas,
876 1843 962 1905 quam
998 1827 1118 1906 proprie
1139 1831 1170 1886 ct
1190 1841 1318 1905 peccare
1340 1828 1371 1885 et

324 1920 421 2000 puniri
452 1921 626 2000 docuimus,
656 1941 717 1990 non
748 1924 869 1989 aliunde
890 1924 956 1988 illos
975 1927 1123 1988 cruciatus
1146 1942 1234 2001 suos,
1262 1924 1368 2004 quibas

326 2022 365 2084 ob
384 2022 592 2104 inexplebilem
611 2024 696 2090 islam
712 2024 875 2103 libidinem,
896 2025 1095 2107 nequidquam
1110 2027 1195 2106 quasi
1213 2013 1372 2102 „obiectus

330 2183 616 2200 -m-

434 2327 621 2386 peecaverunt.
660 2316 826 2388 Quamquam
853 2326 940 2369 antem
960 2317 1111 2388 generalem
1131 2317 1237 2384 generis
1257 2315 1366 2366 lrumani

432 2415 554 2457 naturam
582 2405 610 2456 in
639 2421 671 2454 ro
690 2403 791 2480 creavit
811 2403 891 2468 aleus,
923 2402 988 2454 lraec
1010 2411 1096 2455 tamen
1116 2421 1225 2473 peccare
1244 2421 1296 2452 non
1317 2389 1369 2471 ρυ-ο

384 2508 396 2534 ·
431 2495 492 2556 tuit,
516 2493 618 2564 qnippe
638 2510 718 2563 quiam
738 2491 804 2542 derra
825 2493 927 2543 lecerit.
947 2521 981 2531 -
1002 2492 1092 2560 Quare
1107 2508 1214 2542 necesse
1232 2498 1278 2540 est.
1301 2489 1365 2540 subss

416 2575 553 2633 'ctitrrtarn
582 2595 642 2631 erae
661 2596 675 2629 a
695 2577 746 2630 deo
764 2581 791 2641 iu
809 2580 894 2648 primo
913 2579 1023 2630 homine
1041 2581 1122 2630 etiam
1141 2578 1260 2630 omnium
1278 2575 1367 2626 lionri·

428 2686 492 2720 num
520 2667 653 2739 propriam
677 2667 856 2729 volantatem,
883 2648 1086 2739 atque'itaia
1106 2683 1139 2717 eo
1166 2681 1290 2735 peccasse
1307 2680 1360 2714 aon

428 2764 540 2808 naturae
552 2755 669 2806 omniurn
684 2755 898 2822 generalitatem,
916 2753 963 2807 aed
977 2755 1187 2824 uniuscuiusque
1197 2750 1357 2804 individuam

434 2842 629 2893 volrrntatem.“
650 2842 691 2894 Cf.
712 2843 780 2903 xvt,
800 2841 821 2914 §.
839 2841 866 2892 3.

366 2944 415 3009 33]
432 2941 467 2996 cf.
487 2944 555 3036 XVJ,
570 2945 602 3010 43
623 2945 718 3008 xvttt,
736 2947 761 2998 7.
783 2975 817 2988 ·-

478 3034 525 3086 Eat
541 3041 631 3086 autem
652 3033 797 3100 diligenter
814 3033 1016 3096 attendendum,
1035 3033 1100 3102 quid
1112 3035 1221 3103 proprie
1239 3032 1367 3102 alliciatur

423 3138 520 3191 poena.
543 3121 788 3191 Quemadmodum
817 3123 897 3190 igitur
925 3117 971 3190 (cs.
1001 3139 1060 3191 cup.
1083 3129 1139 3173 not.
1157 3120 1290 3188 29-30)
1311 3135 1366 3180 nou

424 3216 518 3259 natura
538 3216 639 3277 peccat,
661 3207 707 3260 red
730 3227 849 3278 perversa
873 3210 1013 3262 voluntas:
1044 3209 1081 3259 aie
1100 3226 1155 3260 nou
1176 3217 1270 3259 natura
1289 3205 1368 3276 puni·

424 3302 477 3356 tur,
505 3293 553 3346 aed
572 3294 665 3346 eadem
687 3297 811 3348 volriutaa
831 3314 962 3365 perversa.
998 3297 1088 3364 Atque
1107 3295 1160 3346 linc
1177 3291 1367 3368 percommode

424 3382 562 3432 transferri
581 3383 667 3452 possit
686 3385 760 3434 locus
780 3383 888 3453 (puidam
909 3401 941 3434 ex
958 3400 1017 3453 cap.
1036 3383 1104 3444 XVl,
1123 3379 1320 3452 §1:‚.Qutd?
1339 3380 1367 3430 Si

424 3469 500 3520 nulla
519 3478 612 3522 natura
633 3471 716 3522 luerit
735 3471 837 3540 punita,
856 3470 986 3542 rrumqnid
1006 3472 1058 3522 erit
1071 3469 1186 3521 mirera?
1204 3469 1264 3522 Non
1276 3465 1365 3520 video.

426 3557 487 3625 Qua
508 3558 578 3608 enirn
599 3575 675 3608 cauea
694 3558 785 3628 aliqua
805 3567 899 3610 natura
921 3559 975 3610 erit
993 3559 1103 3622 mirera,
1130 3558 1181 3609 nial
1209 3555 1291 3608 fuerit
1314 3570 1366 3623 pu·

426 3642 504 3695 nite?
524 3645 618 3715 ltaque
637 3646 659 3696 ai
679 3646 754 3697 nulla
775 3653 869 3696 natura
889 3646 978 3715 puniri
997 3653 1096 3714 potest,
1115 3643 1190 3696 nulla
1205 3651 1299 3694 natura
1313 3642 1365 3690 mi-

427 3747 485 3780 sera
503 3731 564 3783 crit.
585 3761 616 3774 ·-
639 3731 731 3784 Omnia
750 3739 839 3782 arrlem
857 3740 950 3782 natura
973 3740 1019 3782 aaut
1038 3730 1106 3782 deira
1127 3740 1180 3795 eet,
1206 3739 1253 3780 aut
1278 3729 1312 3780 ab
1332 3745 1366 3786 eo

428 3817 506 3868 sacta.
543 3817 670 3870 Naturam
690 3836 753 3870 cero
772 3817 925 3869 creatricem
947 3819 1069 3869 iniceriae
1088 3835 1145 3868 esse
1162 3833 1298 3889 capacem,
1320 3814 1368 3864 de·

337 3968 345 3981 ·
428 3907 620 3958 ruentirsimum
641 3916 682 3958 eat
703 3905 845 3976 suspicari:
876 3889 1098 3957 creatrixautrm
1118 3913 1229 3967 natura,
1250 3919 1304 3974 que
1323 3904 1365 3952 in-

426 3987 500 4045 stitia
524 3995 651 4062 punitura
677 3994 711 4044 rit
734 4001 851 4055 naturae,
878 4009 945 4063 qnae
963 3993 1020 4060 ipra
1040 3993 1150 4053 creavit,
1173 4007 1229 4042 noa
1248 3990 1365 4042 invenio.

422 4082 504 4132 Nulla
521 4079 619 4132 deliine
636 4089 729 4133 natura
740 4082 883 4151 punietur,
896 4098 950 4134 nnn
966 4081 1060 4150 punita
1075 4097 1131 4131 nou
1141 4079 1365 4131 eritarirera.⁴‘-

424 4166 464 4217 Cl.
486 4168 555 4232 xvi,
574 4167 646 4229 Μ.
