3010 4946
784 758 815 826 §.
839 747 889 816 54.

418 903 649 987 „Plantattonsm
668 905 729 985 dai,
750 906 921 986 paradisum
941 905 972 966 in
987 903 1072 968 lidan
1087 919 1148 967 non
1170 904 1249 966 allud
1270 904 1364 967 lirisso

311 1007 464 1085 dicimus,
487 1007 558 1068 nisi·
580 1007 676 1087 ipstm
697 1005 854 1069 humanam
875 1012 1030 1084 naturam,
1051 1011 1197 1085 quatenus
1219 1007 1257 1071 ab
1278 1007 1364 1070 initio

322 1108 361 1170 ad
383 1108 542 1189 imaginem
561 1107 624 1170 dei
653 1102 698 1183 (b.
721 1123 748 1170 a.
773 1109 804 1170 in
840 1105 996 1188 principali
1020 1123 1075 1168 sua
1101 1105 1262 1188 dignitate)
1286 1107 1365 1168 lacta

321 1214 422 1272 osset:
442 1210 472 1269 in
504 1225 540 1269 ea
573 1207 685 1288 lignum
714 1209 795 1269 vitae
828 1207 972 1284 (Verbum
995 1206 1137 1268 videlicet
1157 1207 1268 1288 Patris)
1294 1225 1365 1269 om-

321 1326 389 1369 nem
411 1307 607 1371 fructificabat
631 1309 739 1386 vitam3
761 1310 792 1369 in
815 1309 879 1370 eius
900 1307 999 1369 medio
1022 1307 1091 1370 lons
1114 1311 1244 1371 omnium
1265 1309 1367 1371 bono.

314 1413 386 1470 uum
406 1409 528 1482 (eaden
563 1407 705 1470 videlicet
728 1408 829 1471 divina
849 1408 1015 1488 sapientia)
1036 1405 1177 1469 manabat
1188 1427 1197 1485 3
1226 1414 1367 1488 quattuor

323 1509 397 1570 aius
411 1508 549 1586 flumina,
581 1526 621 1571 ex
654 1511 715 1572 uno
742 1509 825 1571 sonte
847 1508 1008 1584 manantia,
1031 1514 1099 1571 sant
1120 1513 1258 1587 quattuor
1279 1509 1367 1588 prin-

325 1607 440 1689 cipales
473 1611 593 1671 animae
624 1611 768 1686 virtutes,
801 1625 840 1670 ox
864 1625 922 1670 una
944 1608 1091 1687 sapientia
1112 1607 1305 1687 profluentes,
1328 1626 1367 1670 ex

325 1709 432 1789 quibus
453 1711 550 1772 omnis
573 1710 666 1772 virtus
689 1716 719 1771 et
741 1712 821 1772 bona
842 1710 977 1789 operatio
999 1714 1122 1770 scatet.“

424 1809 524 1888 „Unus
546 1808 637 1872 homo
660 1810 689 1871 in
709 1809 851 1890 paradiso
875 1807 920 1885 (h.
947 1825 974 1869 e.
999 1808 1027 1869 in
1051 1808 1100 1869 illa
1116 1807 1267 1870 felicitatis
1288 1823 1367 1868 con·
1394 1819 1397 1825 ·
1499 1851 1500 1910 3

325 1907 455 1987 ditione)
489 1909 597 1972 dicitur
628 1916 764 1986 creatus,
800 1926 858 1989 quo
887 1909 917 1969 ln
952 1907 1073 1970 homine
1096 1915 1126 1970 et
1147 1910 1194 1970 vir
1214 1915 1244 1970 et
1263 1905 1368 1970 mulier

326 2009 505 2088 [secandam
532 2015 635 2090 patres
664 2009 741 2094 ('?)]
765 2009 948 2090 intelligitur.
998 2009 1051 2072 Vir
1072 2016 1119 2072 est
1140 2012 1265 2086 animus,
1284 2008 1371 2084 νόυς,

325 2111 488 2176 aninsrsae
521 2117 645 2174 naturae
671 2111 820 2174 hnmanae
845 2110 1042 2190 praesidens:
1064 2110 1171 2173 mulier
1193 2117 1239 2172 est
1260 2125 1368 2171 sensns

319 2225 507 2291 ‚corporeus
530 2208 703 2294 αἴσθησις,
735 2211 783 2272 aui
803 2211 923 2274 incauto
946 2211 1140 2274 consentiens
1163 2213 1278 2274 animus
1297 2227 1371 2290 per-

324 2309 422 2373 ditun-.-
468 2311 524 2386 Qui
546 2310 616 2374 ¹ltrit
643 2312 687 2401 ίιιι
705 2311 755 2374 ilio
785 2311 927 2391 paradiso
960 2312 1092 2392 Serpens
1129 2347 1167 2360 -·
1199 2318 1246 2374 est
1268 2311 1372 2390 illicita

326 2410 499 2492 delectatio,
528 2429 586 2491 qua
618 2429 665 2488 ca,
688 2429 765 2492 quae
787 2413 938 2476 carnalem
960 2429 1081 2476 sensum
1103 2412 1262 2489 debcant,
1283 2412 1372 2475 dam·

317 2513 467 2576 nataliter
498 2515 758 2592 concupiscuntur.
790 2551 830 2564 -
865 2514 1021 2593 Postquam
1054 2513 1144 2575 trumo
1174 2514 1206 2574 in
1229 2528 1371 2592 soporem

325 2611 433 2676 insidit
456 2619 486 2674 et
506 2613 698 2690 obdormivit,
721 2613 794 2676 deus
817 2631 857 2676 ex
879 2614 971 2693 ipsius
988 2619 1073 2674 costa
1097 2613 1168 2674 iecit
1196 2613 1370 2675 mulierem:

316 2712 357 2775 -b·.
379 2721 408 2776 ε’.
429 2731 517 2793 quum
538 2713 629 2776 bomo
662 2713 740 2776 illam
774 2716 864 2776 animi
892 2715 1097 2788 intentionem,
1123 2731 1179 2793 qua
1200 2731 1320 2794 semper
1341 2719 1370 2773 at

326 2811 530 2877 inflexibiliter
551 2820 718 2876 creatorem
744 2833 829 2877 suum
850 2814 1044 2894 contemplari
1070 2813 1225 2895 debuerat,
1257 2813 1294 2876 ad
1312 2812 1369 2872 de-

326 2913 507 2978 lectationes
529 2931 628 2978 rerum
652 2915 848 2981 materialium
872 2915 1042 2978 reflexisset
1064 2921 1095 2976 et
1117 2915 1248 2977 carnatis
1271 2929 1368 2992 copu-

327 3015 377 3078 las
397 3017 527 3096 appetita
549 3015 693 3099 dedisset,
716 3033 751 3078 se
772 3019 867 3096 ipsum
891 3017 1013 3078 omnino
1040 3001 1184 3078 aeternae
1206 3033 1241 3076 ac
1262 3013 1370 3074 beatas

330 3116 590 3198 contemplationis
609 3118 727 3199 ‚vigore
762 3117 995 3198 segregabam
1017 3115 1247 3178 delectationem
1269 3113 1371 3174 sensi-

329 3216 440 3296 bilium,
464 3219 544 3280 omni
566 3220 674 3281 virtute
698 3225 870 3296 evacuatus,
894 3218 1013 3297 cecidit,
1034 3218 1174 3281 sensibus
1207 3215 1372 3295 spirituali-

328 3318 385 3381 bus
407 3319 525 3400 panitus
547 3321 684 3382 recessit.
738 3320 865 3394 Quando
897 3325 994 3382 autem
1015 3318 1105 3381 homo
1124 3321 1162 3380 ita
1186 3317 1224 3379 ds
1247 3323 1372 3379 naturae

321 3437 404 3484 suae
431 3405 575 3502 dignitate
596 3421 697 3502 lapsus
714 3428 790 3515 spat,
812 3423 900 3483 etiam
923 3421 969 3482 sui
989 3420 1167 3483 divisionem
1189 3419 1222 3480 in
1237 3418 1372 3480 maritum

330 3528 361 3584 st
383 3519 533 3599 seminam,
550 3539 695 3604 suamque
717 3526 756 3585 ad
774 3520 995 3585 similitudinem
1021 3537 1163 3603 pecorum
1176 3519 1373 3601 propagatio.

321 3629 409 3702 mem,
431 3627 614 3687 consecutus
633 3628 707 3689 est‘
1072 3669 1073 3672 κ

428 3723 530 3801 „Licet
560 3723 661 3803 pluras
691 3723 796 3783 harum
820 3737 920 3782 rarum
940 3737 957 3782 a
981 3739 1069 3783 sacra
1089 3720 1247 3798 scriptura,
1286 3715 1374 3795 quasi

330 3828 401 3885 ants
423 3822 554 3888 bominis
575 3841 680 3886 casum
700 3817 813 3899 factaa‚'
834 3827 1003 3901 narrantur,
1023 3821 1084 3882 bac
1103 3825 1226 3880 nostrae
1247 3821 1375 3878 senteu-

328 3925 389 3985 tias
411 3929 472 3986 uari
492 3929 656 4005 depugnat:
694 3939 791 4002 nsque
823 3924 903 3984 enim
937 3924 1129 4002 ignoramus,
1151 3915 1373 3978 usitatissimum

321 4041 398 4087 ‚assa
418 4023 539 4088 diuinae
562 4025 728 4101 scripturae
748 4029 888 4103 tropum,
922 4024 972 4104 qui
995 4041 1013 4085 a
1035 4019 1160 4085 Graccis
1181 4053 1221 4066 -·
1241 4011 1375 4100 datram

327 4122 482 4203 πρότερον
514 4125 579 4185 siaa
615 4119 792 4204 πρόληψις,
819 4142 836 4184 a
866 4123 978 4185 Latinis
999 4157 1040 4172 .-
1063 4119 1374 4199 praeposterunalva

329 4225 501 4305 anticipatio
526 4229 678 4286 vocatur.t
706 4222 769 4301 (Ν,
797 4223 1003 4306 iti-uldel·-
