3010 4946
1068 457 1146 551 kur

12 675 13 680 κ
111 634 180 698 darn
203 631 420 697 consuetudine
443 631 568 694 dicimus
592 646 681 710 esse;
716 642 795 714 quoe
817 637 892 696 vcrd
914 635 1011 698 adbuc
1027 637 1057 698 in
1080 603 1151 718 ipsis

112 745 239 800 naturae
271 734 385 796 sinibus
418 734 625 810 continentur,
662 736 776 796 necin
807 735 935 798 lormatu
968 741 1152 802 materia..

113 842 269 920 apparent,
292 833 397 896 eadem
424 835 640 898 consuetudine
665 834 790 896 dicimus
810 852 872 897 non
892 843 989 900 esse.“
1011 838 1050 918 (l,
1073 841 1119 918 b.)

197 1051 348 1132 „Quartus
376 1051 484 1114 modus
505 1052 667 1114 secundum
704 1050 898 1132 philosophos
940 1071 1000 1115 nou
1042 1059 1156 1135 impro-

113 1153 255 1217 babiliter
286 1167 322 1212 ea
344 1159 468 1216 ¹tanturn
501 1169 574 1213 vere
618 1169 686 1216 esse
708 1151 795 1230 dicit,
817 1170 895 1232 quae
917 1154 983 1215 solo
1005 1155 1156 1218 intellectu

117 1253 426 1334 comprehenduntur3
453 1271 529 1332 quae
552 1261 648 1314 autem
667 1253 799 1314 locorum
814 1256 916 1334 spatiis
932 1261 1156 1336 temporumque

115 1356 244 1417 motibus
268 1354 440 1432 variantur,
464 1349 659 1436 colliguntur,
685 1353 839 1416 solvuntur
862 1389 903 1404 -
924 1371 997 1419 vere
1020 1357 1157 1418 dicuntur

118 1473 176 1518 non
199 1461 297 1518 eose.“
319 1454 450 1532 (1,.6.)Ι

337 1569 351 1581 ”
589 1567 679 1644 3.·7.

200 1673 325 1746 Quintus
347 1669 453 1732 modus
474 1671 503 1732 in
537 1667 600 1731 sola
622 1675 726 1731 natura
749 1669 876 1734 bumana
901 1673 1054 1735 aratione
1080 1687 1157 1734 con-

119 1773 248 1852 spicitur.
292 1773 375 1832 llaec
397 1773 486 1848 onim,
509 1772 647 1849 quoniam
672 1769 794 1831 divinae
813 1772 952 1852 imaginis
975 1773 1157 1853 dignitatem,

118 1877 226 1954 inqua
256 1874 378 1954 proprie
407 1867 554 1950 substitit,
585 1873 741 1952 peccando
765 1873 916 1953 deseruit,
948 1872 1057 1936 merito'
1087 1891 1157 1934 esse

119 1994 204 2038 suurn
238 1973 385 2055 perdidit,
417 1980 447 2034 et
480 1973 549 2033 ideo
575 1974 683 2036 dicitur
704 1991 765 2034 non
789 1990 879 2036 esse:
916 1974 983 2035 dum
1011 1991 1084 2036 vero
1108 1974 1156 2035 dei
1200 1969 1204 1986 “

12 2089 13 2092 ’
116 2078 214 2156 gratia
236 2081 408 2168 ¹restaurata
432 2071 470 2134 ad
491 2074 645 2152 pristinum
676 2073 859 2136 substantiae
884 2091 957 2136 suae
976 2080 1083 2158 statum
1105 2092 1159 2136 re-

39 2257 41 2265 .
117 2177 247 2255 ducitur,
269 2175 391 2238 inchoat
413 2175 585 2252 vivere1).“
607 2171 646 2252 (l,
670 2171 715 2250 7.)

231 2346 233 2358 .
613 2335 621 2351 .
649 2291 680 2352 8.
799 2348 802 2362 ,

201 2393 344 2470 Videmus
362 2364 482 2472 itaque,
506 2301 671 2452 caveu§dum
695 2407 779 2469 esse,
801 2359 930 2470 neillis,
951 2408 1027 2472 quac
1049 2393 1156 2460 Scotus

12 2519 13 2522 ¹
116 2494 243 2556 llaturae
266 2495 388 2554 nomine
411 2491 646 2570 comprehendit,
667 2490 860 2572 pluribusque
882 2493 980 2558 modis
1002 2499 1157 2574 nutasse,

122 2601 246 2672 autnon
268 2611 337 2654 esse
361 2593 421 2676 dici
442 2610 532 2672 posse
554 2592 698 2670 declarat,
718 2592 777 2654 ullo
801 2599 890 2672 pacto
915 2593 1060 2655 contineri
1088 2595 1156 2657 exi·-

119 2695 266 2771 stimemus
301 2711 373 2774 res,
395 2710 472 2773 quae
494 2711 566 2756 vere
587 2711 624 2756 ac
647 2695 767 2774 proprie
789 2695 887 2756 nullae
913 2697 973 2756 sint
993 2694 1156 2774 dicendae,

117 2811 190 2876 quae
213 2812 286 2859 vere
319 2812 355 2854 ac
386 2793 504 2872 proprie
525 2794 712 2874 reperiantur
731 2810 889 2873 nusquam.
940 2795 1039 2867 Quare
1061 2794 1155 2874 longe

18 2891 19 2900 ’
117 2894 171 2956 ulia
196 2901 244 2958 est
273 2895 373 2972 ratio,'
401 2913 466 2958 oum
489 2894 595 2958 Scotus
616 2901 741 2974 paccata
763 2901 1016 2974 peccatorumque
1037 2911 1153 2974 poenas
1219 2909 1221 2916 ’

16 3116 21 3190 l

16 3199 19 3277 p
112 3195 370 3276 intelligantur-³).-

115 3013 182 3059 esse
205 3000 354 3076 nogat²pt
386 3002 511 3076 peccata
534 2995 618 3056 ‘enim
639 3002 669 3056 et
687 3011 807 3076 poenae
829 2995 857 3056 ei
881 3013 954 3056 vere
976 2995 1054 3058 nulla
1068 3002 1156 3071 ¹suut,

114 3097 220 3175 quippe
242 3112 318 3173 quac
342 3096 398 3154 uisi
418 3097 449 3156 in
472 3088 591 3172 rerum,
622 3111 698 3176 quae
730 3101 815 3172 sunt,
849 3094 1066 3174 privationibus
1090 3112 1152 3156 non

191 3407 229 3470 ll.
282 3409 343 3472 lam
376 3411 450 3473 vero
488 3411 545 3472 alia
587 3419 634 3474 est
676 3411 826 3492 multoque
867 3413 992 3494 gravior
1020 3403 1151 3476 Naturae

114 3496 246 3572 divisio'
723 3528 727 3542 ’

166 3723 192 3790 1)
219 3719 375 3784 deducatur¹
400 3721 527 3777 uidelicet
552 3718 718 3792 aliquando,
743 3719 923 3790 quodcunque
943 3726 983 3770 eat
1010 3717 1149 3769 hominum

209 3816 251 3872 (et
270 3825 329 3860 curn
348 3807 503 3867 hominibus
523 3811 603 3872 etiam
623 3809 727 3878 reliqua
748 3808 910 3870 „visibilium
924 3821 1009 3859 rarum
1022 3808 1149 3872 natura»)

165 3953 167 3960 y
210 3896 422 3960 substantialiter
445 3896 474 3957 ip
500 3896 679 3965 substantiam
709 3894 833 3952 divinam.
869 3893 1051 3970 *Quadrata
1070 3890 1151 3944 latiur

170 4024 186 4038 ..
218 4000 391 4052 exponemus.

168 4070 199 4138 2)
218 4070 250 4123 cl.
270 4072 333 4140 Sup.
354 4088 411 4142 cap.
430 4067 476 4123 lv.
497 4066 609 4134 nct228
627 4025 702 4142 seoq.

163 4157 194 4228 3)
214 4159 249 4210 cf.
271 4157 304 4210 da
322 4159 375 4216 dius
397 4168 454 4212 nat.
475 4159 495 4224 l,
514 4154 538 4210 3.
558 4181 591 4200 ι-
