3010 4946
324 457 384 522 106

321 633 498 697 itenditur:t
518 633 590 696 item
609 631 674 710 (IV,
697 633 759 711 1.):
772 618 878 714 mitens
905 639 953 695 εει
969 649 1060 696 causa
1085 634 1215 696 oreatrbr
1232 633 1369 697 existen-

321 737 393 797 tium
415 741 445 795 et
464 750 525 795 non
549 733 739 794 existentium
762 735 930 796 omnium·:“
950 740 981 795 et
1002 734 1062 796 boo
1075 734 1125 812 (ι,
1148 735 1235 810 17.):
1256 733 1367 813 „Gata-

322 835 476 916 goriarum
517 831 772 914 significationes,
803 851 880 914 quae
918 835 1037 914 proprie
1065 835 1097 896 in
1120 834 1210 896 rebus
1234 833 1365 897 conditis

323 934 550 1016 dignoscuntur,
574 934 611 994 de
632 951 723 995 causa
745 935 876 995 omnium
897 950 960 995 non
993 933 1123 996 absurde
1145 939 1269 1014 possunt
1288 950 1364 1014 pro-

323 1034 418 1114 [επις
446 1050 506 1096 neo
538 1039 636 1100 tamen
666 1033 809 1114 proprie,
830 1032 885 1096 sed
910 1034 1101 1099 translative:
1127 1052 1195 1095 nam
1218 1034 1244 1094 si
1266 1032 1365 1112 aliqua

322 1133 484 1214 Categoria
514 1133 553 1194 de
583 1133 641 1194 deo
663 1133 784 1215 proprie
805 1133 1051 1214 praedicaretur,
1073 1135 1248 1196 necessario
1270 1133 1365 1195 Deum

319 1250 415 1316 genus
436 1249 506 1295 esse
537 1239 726 1312 sequeretur;
769 1234 859 1296 licus
890 1239 992 1320 autem
1017 1249 1075 1295 nec
1094 1249 1191 1315 genus
1212 1249 1271 1294 uec
1291 1249 1366 1313 spe-

322 1335 386 1396 cies
407 1350 465 1395 nec
486 1334 630 1396 accidens
653 1340 699 1396 est
714 1339 740 1396 :¹⁴
771 1339 801 1395 et
831 1350 934 1397 rursus
956 1332 1008 1414 (ll,
1034 1341 1095 1410 l.):
1115 1321 1198 1414 „Non
1219 1340 1270 1420 est¹
1288 1333 1363 1396 deus

319 1449 416 1514 genus
438 1439 615 1509 creaturae,
647 1449 707 1494 nec
737 1439 875 1495 creatura
900 1435 1019 1515 species
1042 1434 1102 1512 dei,
1123 1435 1202 1496 sicut
1225 1441 1364 1495 creatura

319 1548 381 1593 non
403 1537 450 1593 est
469 1547 567 1613 genus
591 1531 652 1608 dei,
675 1548 773 1611 neque
798 1531 872 1594 deus
893 1533 1011 1612 species
1033 1539 1198 1595 creaturae.
1218 1569 1257 1582 -
1280 1531 1362 1594 Deus

320 1637 453 1693 nonest
486 1635 581 1693 totum
619 1638 797 1710 creaturae,
825 1648 924 1711 neque
955 1638 1091 1694 creatura
1120 1647 1191 1712 pars
1215 1631 1284 1708 dei;
1305 1648 1364 1710 nec

321 1737 459 1794 creatura
480 1737 529 1792 est
560 1737 653 1792 totum
671 1731 739 1809 dei,
761 1719 811 1794 aut
832 1732 907 1794 deus
930 1749 1001 1813 pars
1018 1739 1182 1794 creaturae.
1205 1765 1245 1782 -
1267 1731 1365 1793 bleta-

323 1831 451 1913 pborice
478 1830 714 1893 deusdiclturet
731 1848 838 1912 genus,
860 1839 890 1893 et
911 1837 1016 1910 totum,
1033 1838 1063 1893 ει
1084 1832 1203 1911 species
1224 1837 1256 1893 et
1275 1847 1363 1912 pars:

323 1947 412 1992 omne
434 1930 527 2007 enim,
557 1930 638 2009 quod
666 1931 697 1991 iu
724 1931 790 2010 ipso
812 1936 842 1991 et
863 1947 902 1992 ex
921 1931 987 2011 ipso
1008 1937 1064 2010 est,
1087 1931 1303 1994 rationabiliter
1323 1931 1364 1993 de

323 2047 362 2094 eo
383 2029 595 2110 praedicatur,
626 2029 681 2092 sed
710 2029 889 2112 intelligibili
911 2032 1038 2111 quadmn
1060 2030 1262 2094 universitatis
1282 2047 1362 2093 con·

321 2129 514 2210 templatione
549 2167 590 2180 -
622 2131 848 2192 universitatem
882 2130 950 2194 dico
981 2133 1075 2194 Deum
1096 2137 1127 2192 et
1147 2131 1363 2193 (ἓτεειιπεπιειι

320 2235 474 2311 postremo
506 2230 596 2292 etiam
628 2228 687 2292 boc
721 2230 787 2310 (tlt,
816 2232 878 2307 1.):
913 2231 1028 2311 „Causa
1050 2233 1142 2294 totius
1161 2219 1365 2294 universitatis

321 2330 462 2392 conditae
498 2329 628 2392 creatrix
658 2335 705 2391 est
734 2331 968 2410 supernaturalis
997 2338 1027 2392 ει
1054 2332 1312 2412 superessentialis
1333 2337 1365 2393 et

320 2447 410 2510 supra
426 2427 635 2510 omnia,‘quae
656 2429 737 2492 omui
759 2447 850 2492 sensu
870 2431 1083 2511 percipiuntur,
1104 2429 1172 2493 dum
1190 2436 1236 2493 εει
1256 2425 1363 2492 borum

321 2531 452 2592 omnium
484 2530 660 2611 principium
688 2530 810 2594 causale
841 2537 880 2594 ειΙ
901 2533 1030 2595 medium
1054 2533 1179 2613 implens
1202 2532 1364 2594 essentiale

321 2637 352 2692 ει
370 2629 437 2693 linis
469 2647 679 2693 consummans
699 2669 740 2680 —
763 2637 794 2692 et
821 2631 952 2695 ambitus
984 2633 1107 2714 omnia,
1143 2647 1220 2713 quae
1242 2638 1311 2695 sunt
1332 2639 1363 2694 et

321 2747 399 2813 quae
418 2747 479 2793 non
499 2737 578 2812 sunt,
598 2729 878 2796 circumscribens.“
899 2771 937 2786 .-

783 2917 814 3000 p
838 2911 889 2982 rs.

410 3043 493 3108 llaec
526 3043 617 3127 igitur
644 3051 675 3107 et
705 3044 752 3108 bis
785 3047 913 3128 similia,
946 3054 978 3109 ot
996 3061 1125 3109 necesse
1147 3051 1202 3124 est,
1221 3045 1252 3106 in
1274 3043 1360 3108 libris

326 3143 365 3206 de
395 3144 544 3212 divisione
575 3151 700 3208 naturae
736 3135 883 3228 leguntur.
943 3145 983 3210 At
1013 3163 1087 3209 sanc
1116 3145 1281 3209 mirandum
1304 3151 1361 3226 est,

273 3272 275 3276 ·
324 3244 374 3324 qui
397 3243 506 3306 lactum
530 3245 584 3324 sit,
616 3251 649 3306 ut
674 3245 804 3326 scotus,
836 3265 925 3327 quum
958 3247 1034 3310 haec
1068 3247 1133 3310 sola
1176 3263 1361 3308 communem

323 3343 476 3408 bominum
508 3343 650 3425 loquendi
687 3363 772 3409 usum
810 3347 926 3411 referre
957 3346 1133 3428 videantur,
1164 3347 1242 3409 haec
1262 3353 1362 3410 tamen

324 3443 390 3524 ipsa
420 3445 513 3528 longo
543 3445 738 3527 paucioribus
768 3447 863 3532 locis,
900 3465 988 3530 quam
1023 3447 1185 3527 crederes,
1205 3448 1364 3528 scripsisse
1411 3468 1415 3473 ·

325 3544 574 3626 deprehendatur.
783 3558 789 3564 ·
1269 3595 1272 3605 .

406 3643 479 3718 Quis
501 3649 599 3706 autem
621 3649 676 3722 est,
699 3644 768 3724 quin
792 3643 905 3726 videat,
923 3661 986 3708 non
1006 3645 1167 3709 esseinter
1188 3644 1359 3721 bos-locos,

325 3741 431 3820 quibus
462 3744 664 3825 pantheismus
692 3743 911 3828 lingonicum,
941 3763 1029 3827 quem
1051 3747 1172 3828 quidem
1193 3761 1280 3823 supra
1303 3761 1362 3804 ex-

323 3840 509 3922 plicavimus,
532 3843 590 3906 ullo
611 3849 699 3927 pacto
721 3831 933 3921 labefactetur,
952 3862 992 3911 ne
1015 3845 1149 3908 dieamus
1170 3841 1362 3914 deiiciatur?

327 3979 368 3992 -
388 3932 463 4006 Sunt
499 3949 606 4007 eontra
636 3946 667 4006 in
696 3960 801 4006 eorum
829 3961 973 4024 numero,
1004 3945 1055 4026 qui
1079 3943 1167 4026 plane
1188 3957 1225 4004 ac
1249 3942 1361 4006 diserte

324 4039 539 4124 pantheismum
560 4043 707 4110 doceant!
728 4079 771 4093 -

409 4140 493 4216 Quae
526 4159 615 4222 quum
642 4144 685 4207 ita
719 4143 800 4224 sint,
826 4141 887 4208 boe
917 4142 1053 4226 prolecto
1073 4146 1155 4206 stare
1177 4141 1364 4219 arbitramur,
