3010 4946
317 457 376 521 110

314 648 340 696 s.
360 630 496 694 Ternarii
524 646 586 694 non
616 627 751 710 potuisse
784 627 921 692 omnibus
949 630 1025 693 locis
1053 630 1186 694 retinere
1212 636 1354 713 recteque

314 731 474 812 explicare.

396 829 547 892 Habemus
566 829 656 910 igitur
683 832 790 890 cuncta
820 825 870 889 illa
902 834 1095 908 argumenta,
1126 846 1250 910 quorum
1273 847 1354 910 poo-

318 929 393 992 dere
426 928 618 993 Schlueterus
646 943 709 988 non
745 925 841 989 solum
871 926 1080 1006 Goerresinm‚
1112 931 1165 990 sed
1194 945 1254 990 una
1286 947 1353 992 cum

316 1027 480 1092 Goerreslc
516 1025 571 1103 (cl.
594 1042 622 1106 p.
647 1024 742 1104 xiv.)
765 1026 873 1102 etiam,
896 1027 1063 1106 quicunque
1084 1047 1212 1108 unquam
1232 1029 1352 1092 Scotum

313 1127 493 1211 pantheismi
516 1132 705 1206 accusarunt,
726 1125 800 1190 salis
820 1142 968 1206 superque
990 1128 1048 1189 sibi
1066 1108 1249 1208 repressisse
1270 1131 1353 1192 visus

314 1236 369 1294 csl.
391 1265 431 1280 -
451 1265 494 1280 -

783 1421 812 1490 e.
834 1409 885 1474 rs.

395 1529 458 1594 Nos
487 1529 587 1592 autem
618 1526 696 1590 llaec
726 1532 980 1607 argumentatum
1005 1527 1165 1610 diligenter
1186 1523 1355 1610 descripsi:

312 1645 388 1708 mus,
410 1646 472 1690 non
495 1645 554 1710 quo
584 1629 703 1691 muitum
733 1629 770 1689 iis
802 1627 925 1690 velimus
949 1629 1100 1705 tribuere,
1122 1628 1152 1689 id
1175 1630 1255 1708 quod
1276 1648 1353 1711 pro-

311 1730 404 1807 lecto,
424 1746 512 1808 quum
533 1735 595 1792 tota
616 1715 942 1809 Erigenae'disciplina
964 1729 1022 1790 iam
1056 1731 1225 1792 accuratius
1255 1747 1272 1791 a
1295 1747 1352 1792 no·

311 1829 359 1892 bis
381 1828 527 1909 explicata
547 1828 646 1907 luerit,
665 1843 794 1890 necesse
814 1841 875 1888 non
899 1832 953 1902 est,
974 1825 1029 1887 sed
1053 1830 1178 1907 nequis
1201 1845 1351 1910 arrogan-

313 1932 373 1994 tiae
394 1947 451 1993 nos
473 1936 614 2007 accuset,
637 1947 692 2007 ea,
723 1929 829 2010 quibus
865 1926 975 2008 aliquid
1001 1927 1162 2004 tribuatur,
1184 1930 1236 1992 vix
1259 1930 1351 2011 digna

312 2048 393 2108 esse,
414 2028 644 2092 contendentes.

395 2129 416 2190 i.
459 2129 649 2208 Quantopere
682 2127 774 2209 igitur
796 2128 930 2204 (§··44·)
952 2127 1104 2190 Goerresii
1125 2129 1278 2190 accusatio
1295 2127 1353 2189 de·
1390 2151 1392 2158 ·

311 2235 435 2309 pravata
463 2235 510 2292 est
543 2235 632 2308 atque
667 2227 817 2295 mutilata!
864 2227 894 2290 ls
913 2229 992 2289 enim
1014 2229 1087 2290 salis
1109 2235 1222 2308 aperte,
1242 2228 1292 2308 qui
1314 2230 1353 2291 sit

311 2330 361 2394 ille
381 2330 602 2411 pauthcismus‚
636 2331 666 2391 in
687 2347 775 2408 quem
793 2329 949 2392 incidisset
970 2329 1112 2409 Erigena,
1133 2329 1352 2409 declaraverat,
1379 2327 1382 2334 '
1499 2325 1500 2334 ’

313 2450 400 2511 quum
424 2435 464 2494 ita
494 2431 624 2508 diceret,
646 2429 868 2510 „Areopopa'toe
896 2430 982 2492 ideas
1001 2429 1188 2493 evolventem
1220 2449 1287 2494 eum
1318 2433 1351 2494 in

311 2521 492 2611 pantlaeismi
512 2531 675 2612 periculum
695 2531 887 2594 incurrisse.“
939 2531 1038 2611 Atque
1062 2532 1122 2593 hoc
1153 2533 1258 2613 ipsum,
1278 2533 1351 2596 licet

310 2633 340 2693 in
364 2631 421 2694 hac
441 2649 533 2694 causa
547 2631 750 2711 diiudlumda,
772 2638 804 2694 ut
827 2642 873 2710 (q.
895 2633 944 2711 tl,
964 2639 990 2706 §.
1013 2633 1054 2695 40
1075 2670 1116 2682 -
1137 2641 1165 2709 §.
1188 2633 1256 2707 43.)
1278 2633 1352 2696 satis

310 2732 435 2812 copiose
455 2731 736 2810 demonstravimus,
757 2732 849 2814 longa
869 2733 988 2794 maximi
999 2732 1038 2794 sit
1058 2733 1211 2809 momenti,
1220 2732 1350 2795 Schlue-

309 2838 390 2894 lorus
414 2833 556 2912 neglexit.
598 2832 701 2911 Neque
716 2830 793 2894 illam
813 2831 959 2910 iniuriam,
979 2833 1044 2894 sive
1065 2849 1125 2912 quc
1147 2831 1205 2894 alio
1228 2812 1350 2893 nomine

308 2949 372 2992 rem
394 2931 543 3014 appelles,
579 2933 698 3012 impune
728 2932 837 3010 tulerit,
861 2938 1026 3012 propterea
1042 2931 1122 3010 quod
1143 2931 1199 2992 hac
1215 2948 1258 3006 re,
1280 2930 1350 3009 opi-

309 3048 430 3109 namur,
461 3031 571 3094 lactum
593 3039 657 3110 est,
677 3037 709 3095 ut
730 3032 896 3095 doctrinam
919 3032 1142 3112 Erigenianam,
1161 3030 1347 3111 pantheismc

308 3136 426 3211 penitus
458 3132 622 3210 inlectam,
650 3132 833 3195 Pantheismi
853 3132 938 3212 culpa
957 3133 1104 3213 putaverit
1125 3131 1350 3196 absolvendam.

306 3231 440 3312 Namque
460 3232 529 3294 illae
548 3233 632 3314 ipsae
656 3251 716 3311 res,
738 3250 813 3313 quas
836 3252 854 3296 a
875 3233 1062 3314 panuetsrno
1084 3231 1266 3313 Erigeniano
1288 3249 1349 3295 una

308 3349 376 3394 curn
403 3334 553 3396 communi
576 3333 747 3411 hominurn,
782 3335 831 3413 qui
851 3339 935 3396 recte
957 3333 1110 3406 iudicant,
1131 3331 1272 3410 loquendi
1292 3349 1359 3424 usu,

308 3431 412 3494 doceri
446 3440 536 3514 atque
556 3433 632 3496 sumi
653 3451 715 3496 non
739 3433 836 3498 solum
854 3451 962 3516 posse,
985 3451 1087 3496 verum
1114 3433 1204 3494 ellam
1234 3432 1349 3495 debere

306 3537 354 3606 (§.
379 3531 420 3594 40
442 3567 480 3582 -
502 3541 529 3608 §-
554 3533 623 3609 43.)
653 3533 856 3613 ostendimus,
888 3551 966 3614 quae
986 3534 1133 3594 neminem
1156 3532 1293 3613 profecto
1318 3533 1349 3594 in

305 3629 457 3710 Erigonae
497 3631 634 3694 doctrina
664 3631 819 3696 offendere
853 3634 1035 3712 debuerant,
1060 3632 1245 3712 Schluelero‚
1264 3640 1296 3694 ut
1317 3635 1348 3694 in

306 3728 485 3793 defensione
524 3750 579 3796 sua
621 3733 807 3813 apertissime
844 3732 1026 3812 declaravit,
1065 3735 1157 3796 verba
1192 3733 1347 3794 dederunt.

306 3829 393 3901 Quod
414 3831 493 3892 baud
515 3835 626 3896 scimus
657 3852 695 3895 an
732 3834 842 3896 lactum
862 3853 923 3896 non
944 3841 1043 3912 esset,
1067 3834 1133 3897 ddm
1154 3834 1224 3896 illud
1247 3833 1348 3896 Goer-

306 3932 379 3991 rcsii
402 3932 558 4012 monitum,
579 3940 610 3995 ut
632 3951 757 4014 aequum
781 3935 845 4012 luit,
870 3934 1041 4016 diligentius
1065 3940 1210 3997 curasset.

306 4079 310 4092 .
388 4029 422 4090 ΙΙ.
467 4030 544 4104 Quid
567 4039 663 4095 aulem
688 4034 735 4096 illa
755 4035 809 4109 [cl.
834 4047 862 4114 s.
885 4033 968 4112 440:
992 4035 1171 4116 ,rurigenap
1193 4034 1346 4114 pontheis·

304 4145 381 4190 mum
404 4131 567 4214 profitetur,
588 4151 675 4214 quum
698 4131 807 4217 λόγον,
828 4135 878 4198 dei
900 4135 1232 4214 lilium,emanantema
1252 4141 1347 4216 patre,
