3010 4946
294 455 334 517 90

295 638 396 700 dicite
417 675 456 688 -
478 639 592 712 Quodsi
615 639 685 718 quis.
701 637 760 700 lrao
783 637 822 699 da
844 653 878 699 re
899 640 989 701 etiam
1013 657 1092 702 nuno
1118 635 1247 711 dubitet,
1266 631 1336 694 huic

293 739 460 806 firmissima
484 755 660 820 persuasum
694 740 732 802 iri
767 755 934 819 speramus,
958 755 1046 819 quum
1069 739 1107 802 de
1129 738 1251 818 reliquis
1274 735 1336 798 Na-

295 845 379 900 turae
404 839 509 902 lormis
532 839 739 920 disputabitur.

645 1019 648 1024 .
674 1005 676 1012 -
768 965 797 1034 ς.
820 955 869 1018 92.

383 1066 580 1133 Nihilominus
613 1077 713 1134 tamen
744 1089 796 1134 res
833 1078 936 1135 nostra
966 1069 1117 1153 postulare
1140 1067 1275 1143 videtur,
1305 1073 1338 1130 ut

294 1166 354 1232 iam
377 1187 476 1245 uano,
513 1187 589 1252 quae
616 1189 677 1234 non
698 1173 862 1250 neminie)
889 1173 948 1235 lrac
974 1175 1006 1234 in
1033 1188 1125 1233 causa
1155 1167 1337 1252 Erigenlana
1369 1241 1372 1254 '

294 1269 394 1332 lucum
419 1269 532 1332 secisse
558 1271 704 1351 videmus,
738 1279 878 1353 quantum
900 1272 931 1335 in
953 1271 1208 1354 praesentialem
1228 1273 1338 1350 potest,

296 1369 451 1431 declarare
475 1376 564 1450 atque
588 1371 702 1434 diluere
731 1385 884 1436 conemur.
934 1374 1007 1438 Sunt
1026 1373 1147 1435 omnino
1169 1369 1338 1450 complures

294 1469 356 1532 loci
377 1471 515 1533 inlibris
539 1471 578 1534 de
600 1472 660 1535 div.
683 1479 825 1552 naturae,'
853 1474 904 1538 ubi
925 1475 1067 1556 Erigone,
1089 1473 1238 1536 communi
1271 1471 1338 1533 lor-

294 1577 379 1634 tassc
415 1569 566 1632 horminum
589 1589 681 1636 sensu
702 1573 889 1651 inserviens,
919 1575 959 1638 ita
984 1576 1119 1656 scripsit,
1142 1572 1227 1653 quasi
1250 1571 1338 1632 deum

295 1671 466 1733 lateatne
488 1670 547 1734 hoc
562 1673 712 1755 *universo
735 1682 903 1756 separatum
917 1677 967 1752 1³).
1007 1675 1148 1756 Legimus
1171 1674 1249 1734 enim
1271 1689 1338 1732 eum

297 1771 368 1848 alia,
390 1778 452 1834 tam
474 1771 687 1854 haec:=„lpse
709 1774 782 1836 deus
811 1776 842 1836 in
865 1793 899 1837 se
920 1775 986 1854 ipso
1007 1773 1083 1836 ultra
1106 1790 1223 1835 omnem
1248 1787 1339 1834 crea-

296 1879 395 1934 turam
408 1873 545 1934 *nullo
568 1859 722 1936 intellectu
748 1873 1027 1955 comprehenditur“
1049 1911 1089 1924 -
1111 1873 1148 1954 (l,
1171 1874 1241 1952 3,,7
1263 1879 1344 1946 etc.)

300 1973 442 2053 Legimus
473 1973 551 2035 adeo
586 1973 640 2053 (ll,
666 1975 681 2034 l
707 1979 798 2052 etc.):
828 1975 1017 2056 „creaturam
1052 1975 1103 2038 dei
1130 1976 1254 2038 nomiae
1275 1982 1339 2054 (per

230 2135 234 2141 .
292 2073 519 2155 metaphorum)
556 2092 647 2156 posse
679 2075 836 2156 appellari,
859 2083 1017 2156 propterea
1039 2076 1157 2157 quoda
1180 2077 1238 2139 deo
1260 2075 1339 2138 lacta

296 2178 424 2253 sit1l).“
458 2215 494 2228 -
523 2175 608 2250 Quae
638 2177 745 2256 quibus
775 2176 865 2240 lacile
893 2178 992 2239 relelli
1025 2183 1154 2259 queant,
1190 2176 1340 2259 sigillatim

299 2293 538 2344 commemorare
566 2262 720 2339 nolumus:
751 2277 811 2340 hoo
840 2293 930 2340 unum
957 2278 1102 2356 dloimuS,
1123 2297 1163 2340 ex
1183 2279 1248 2358 ipsa
1269 2277 1341 2340 Eri·

298 2394 397 2458 genae
413 2377 414 2382 ’
431 2375 620 2457 philosophia
650 2383 757 2458 sponte
787 2379 893 2457 sequi,
926 2379 1060 2458 potuisse
1094 2396 1161 2440 eum
1180 2383 1241 2438 tam
1262 2377 1340 2439 haec

299 2479 424 2553 docere,
447 2494 533 2556 quam
556 2494 634 2558 quae
657 2495 724 2538 eum
746 2495 835 2557 supra
857 2480 902 2564 (ξ.
926 2477 1073 2561 1641.)
1103 2466 1262 2541 docentem
1282 2495 1340 2540 au-

300 2577 438 2640 divimus.
489 2577 543 2638 Est
561 2583 665 2671 autem
687 2577 876 2659 philosophia
897 2578 968 2656 ista,
989 2579 1019 2640 id
1040 2579 1121 2660 quod
1143 2579 1221 2642 iulra
1245 2578 1342 2660 pluri·
1389 2599 1391 2606 ⁴

298 2677 355 2740 bus
392 2677 663 2756 demonstrabitur,
698 2678 763 2740 lere
790 2678 886 2742 haec:
924 2681 1006 2742 Deus
1029 2687 1124 2760 pater,
1143 2681 1254 2743 Natura
1276 2695 1339 2740 non

240 2770 243 2775 ’
299 2783 402 2842 creata
427 2794 553 2856 creans,
585 2794 684 2859 usque.
713 2777 750 2840 ab
772 2781 948 2843 aeternitate
972 2780 1003 2841 in
1025 2780 1086 2842 filio
1105 2797 1160 2846 suo
1181 2777 1336 2859 unigenito

299 2879 415 2940 creavit
446 2877 475 2940 h.
497 2895 525 2940 e.
562 2895 601 2940 ex
633 2895 688 2940 sua
715 2879 884 2942 substantia
913 2879 1145 2942 substantialiter
1178 2877 1276 2940 emisit
1297 2909 1338 2924 -·

297 2979 438 3042 Naturam
469 2984 601 3039 creatam
638 2985 806 3057 creantem,
837 2981 967 3042 omnium
998 2997 1115 3056 rerum,
1141 2974 1338 3059 quaecunque

298 3078 500 3142 universitatis
528 3093 657 3158 corpore
682 3080 972 3160 comprehenduntur
1003 3095 1129 3158 „causas
1158 3076 1340 3159 primordia-

280 3177 380 3256 ‘les‚“
414 3175 444 3259 h.-
469 3195 496 3238 e.
516 3177 650 3256 „ideas,‘⁴
678 3180 831 3260 „exempla
855 3177 1058 3262 principalia.“
1080 3187 1120 3228 -'-
1140 3178 1201 3240 llas
1225 3175 1338 3238 deinde

301 3293 410 3340 causas
431 3275 639 3358 primordiales
662 3279 741 3341 idem
765 3280 839 3342 deus
866 3287 950 3361 pater
973 3296 1027 3360 per
1047 3280 1184 3362 Spiritum
1205 3283 1362 3340 sanctum

301 3377 332 3442 in
355 3373 647 3460 ipsarumellectus,
674 3377 814 3442 Naturam
847 3386 977 3442 creatam
998 3383 1241 3455 anacreontem,
1263 3377 1341 3438 hanc

227 3564 229 3567 Ι
301 3485 394 3541 totam
428 3495 528 3542 rerum
561 3481 805 3560 universitatem,
842 3478 960 3561 „divisit
989 3485 1077 3560 atque
1108 3477 1339 3560 multiplicante

303 3579 345 3641 ita
368 3585 400 3640 ut
419 3596 519 3659 aeque
553 3577 592 3642 de
621 3580 742 3661 propria
775 3597 830 3642 sua
859 3579 949 3661 sede,
971 3597 1058 3674 quam
1072 3595 1175 3670 usque
1197 3579 1235 3643 ab
1252 3577 1340 3643 'omni

303 3723 597 3736 m

339 3804 384 3874 12)
401 3796 436 3856 ca
455 3806 574 3859 scarum.
594 3822 620 3875 p.
642 3805 734 3856 xvm.
753 3821 829 3876 seqq.
928 3789 944 3875 J

285 3899 288 3906 ⁴
341 3890 584 3958 13)cf.set11uee.
606 3893 662 3943 tl.

310 4017 314 4030 .
341 3975 386 4040 tt)
405 3979 459 4030 llos
477 3980 551 4030 lucos
574 3979 706 4046 respicere
723 3976 855 4031 debuerat
872 3977 993 4042 Schluet.
1012 3979 1050 4049 (p.
1063 3975 1158 4045 xtll.):
1177 3979 1249 4024 certe
1268 3973 1340 4024 enlm

407 4081 442 4116 aa¹
456 4065 491 4116 ad
509 4067 619 4118 Scotum
631 4064 821 4136 *excusandum
839 4067 1013 4138 protulisset,
1038 4080 1109 4136 quac
1128 4063 1208 4132 longe
1226 4061 1341 4114 luissent

323 4207 329 4216 ¹
406 4150 485 4222 dictu?
502 4150 679 4225 speciosiora.
697 4181 731 4194 ·-
