<?xml version="1.0" encoding="UTF-8"?>
<!DOCTYPE html PUBLIC "-//W3C//DTD XHTML 1.0 Transitional//EN"
    "http://www.w3.org/TR/xhtml1/DTD/xhtml1-transitional.dtd">
<html xmlns="http://www.w3.org/1999/xhtml" xml:lang="en" lang="en">
 <head>
  <title>
</title>
<meta http-equiv="Content-Type" content="text/html;charset=utf-8" />
  <meta name='ocr-system' content='tesseract 3.04.00' />
  <meta name='ocr-capabilities' content='ocr_page ocr_carea ocr_par ocr_line ocrx_word'/>
</head>
<body>
  <div class='ocr_page' id='page_1' title='image "./deioannescotoer01unkngoog_0025.png"; bbox 0 0 3014 4950; ppageno 0'>
   <div class='ocr_carea' id='block_1_1' title="bbox 325 479 361 542">
    <p class='ocr_par' dir='ltr' id='par_1_1' title="bbox 325 479 361 542">
     <span class='ocr_line' id='line_1_1' title="bbox 325 479 361 542; baseline 0 0"><span class='ocrx_word' id='word_1_1' title='bbox 325 479 361 542; x_wconf 81' lang='lat' dir='ltr'>lo</span> 
     </span>
    </p>
   </div>
   <div class='ocr_carea' id='block_1_2' title="bbox 312 655 1360 2446">
    <p class='ocr_par' dir='ltr' id='par_1_2' title="bbox 314 655 1360 1340">
     <span class='ocr_line' id='line_1_2' title="bbox 320 655 1357 736; baseline -0.002 -18"><span class='ocrx_word' id='word_1_2' title='bbox 320 659 413 732; x_wconf 80' lang='lat' dir='ltr'>Quam</span> <span class='ocrx_word' id='word_1_3' title='bbox 451 657 581 717; x_wconf 90' lang='lat' dir='ltr'>omnium</span> <span class='ocrx_word' id='word_1_4' title='bbox 619 655 722 716; x_wconf 84' lang='lat' dir='ltr'>virium</span> <span class='ocrx_word' id='word_1_5' title='bbox 753 657 920 718; x_wconf 88' lang='lat' dir='ltr'>intentione</span> <span class='ocrx_word' id='word_1_6' title='bbox 949 657 1175 718; x_wconf 71' lang='lat' dir='ltr'><strong>accuratissime</strong></span> <span class='ocrx_word' id='word_1_7' title='bbox 1205 655 1357 736; x_wconf 85' lang='lat' dir='ltr'>explicare</span> 
     </span>
     <span class='ocr_line' id='line_1_3' title="bbox 320 754 1360 838; baseline -0.005 -18"><span class='ocrx_word' id='word_1_8' title='bbox 320 765 445 820; x_wconf 87' lang='lat' dir='ltr'>conatus</span> <span class='ocrx_word' id='word_1_9' title='bbox 477 757 547 818; x_wconf 77' lang='lat' dir='ltr'>est?</span> <span class='ocrx_word' id='word_1_10' title='bbox 592 756 748 818; x_wconf 87' lang='lat' dir='ltr'>innumera</span> <span class='ocrx_word' id='word_1_11' title='bbox 782 758 868 818; x_wconf 91' lang='lat' dir='ltr'>huius</span> <span class='ocrx_word' id='word_1_12' title='bbox 897 757 1070 838; x_wconf 77' lang='lat' dir='ltr'>diligentiae</span> <span class='ocrx_word' id='word_1_13' title='bbox 1105 763 1278 837; x_wconf 85' lang='lat' dir='ltr'>argumento</span> <span class='ocrx_word' id='word_1_14' title='bbox 1311 754 1360 816; x_wconf 86' lang='lat' dir='ltr'>vel</span> 
     </span>
     <span class='ocr_line' id='line_1_4' title="bbox 318 856 1359 921; baseline -0.004 0"><span class='ocrx_word' id='word_1_15' title='bbox 318 860 392 921; x_wconf 92' lang='lat' dir='ltr'>solis</span> <span class='ocrx_word' id='word_1_16' title='bbox 418 857 456 918; x_wconf 89' lang='lat' dir='ltr'>de</span> <span class='ocrx_word' id='word_1_17' title='bbox 486 857 634 918; x_wconf 87' lang='lat' dir='ltr'>divisione</span> <span class='ocrx_word' id='word_1_18' title='bbox 658 862 782 919; x_wconf 84' lang='lat' dir='ltr'>naturae</span> <span class='ocrx_word' id='word_1_19' title='bbox 807 858 890 918; x_wconf 91' lang='lat' dir='ltr'>lihris</span> <span class='ocrx_word' id='word_1_20' title='bbox 914 858 1014 920; x_wconf 89' lang='lat' dir='ltr'>inesse</span> <span class='ocrx_word' id='word_1_21' title='bbox 1045 856 1189 919; x_wconf 87' lang='lat' dir='ltr'>videmus.</span> <span class='ocrx_word' id='word_1_22' title='bbox 1221 892 1263 904; x_wconf 87' lang='lat'>—-</span> <span class='ocrx_word' id='word_1_23' title='bbox 1295 857 1359 919; x_wconf 91' lang='lat' dir='ltr'>Neo</span> 
     </span>
     <span class='ocr_line' id='line_1_5' title="bbox 318 957 1358 1038; baseline -0.003 -18"><span class='ocrx_word' id='word_1_24' title='bbox 318 960 447 1037; x_wconf 88' lang='lat' dir='ltr'>deniquo</span> <span class='ocrx_word' id='word_1_25' title='bbox 469 957 527 1018; x_wconf 89' lang='lat' dir='ltr'>alia</span> <span class='ocrx_word' id='word_1_26' title='bbox 552 957 591 1018; x_wconf 89' lang='lat' dir='ltr'>de</span> <span class='ocrx_word' id='word_1_27' title='bbox 614 973 705 1018; x_wconf 89' lang='lat' dir='ltr'>causa</span> <span class='ocrx_word' id='word_1_28' title='bbox 728 957 791 1020; x_wconf 89' lang='lat' dir='ltr'>heri</span> <span class='ocrx_word' id='word_1_29' title='bbox 815 959 918 1038; x_wconf 91' lang='lat' dir='ltr'>potuit,</span> <span class='ocrx_word' id='word_1_30' title='bbox 943 965 975 1018; x_wconf 94' lang='lat' dir='ltr'>ut</span> <span class='ocrx_word' id='word_1_31' title='bbox 998 958 1095 1018; x_wconf 89' lang='lat' dir='ltr'>bisin</span> <span class='ocrx_word' id='word_1_32' title='bbox 1117 957 1358 1020; x_wconf 77' lang='lat' dir='ltr'>doctissimorum</span> 
     </span>
     <span class='ocr_line' id='line_1_6' title="bbox 317 1057 1357 1139; baseline -0.003 -19"><span class='ocrx_word' id='word_1_33' title='bbox 317 1058 466 1120; x_wconf 92' lang='lat' dir='ltr'>hominum</span> <span class='ocrx_word' id='word_1_34' title='bbox 491 1057 528 1118; x_wconf 89' lang='lat' dir='ltr'>de</span> <span class='ocrx_word' id='word_1_35' title='bbox 551 1057 641 1118; x_wconf 89' lang='lat' dir='ltr'>rebus</span> <span class='ocrx_word' id='word_1_36' title='bbox 663 1057 844 1138; x_wconf 74' lang='lat' dir='ltr'>theologicis</span> <span class='ocrx_word' id='word_1_37' title='bbox 867 1058 1075 1136; x_wconf 84' lang='lat' dir='ltr'>dissensione,</span> <span class='ocrx_word' id='word_1_38' title='bbox 1111 1058 1141 1120; x_wconf 92' lang='lat' dir='ltr'>id</span> <span class='ocrx_word' id='word_1_39' title='bbox 1174 1057 1254 1139; x_wconf 90' lang='lat' dir='ltr'>quod</span> <span class='ocrx_word' id='word_1_40' title='bbox 1286 1073 1357 1118; x_wconf 85' lang='lat' dir='ltr'>mox</span> 
     </span>
     <span class='ocr_line' id='line_1_7' title="bbox 314 1151 1357 1242; baseline -0.002 -22"><span class='ocrx_word' id='word_1_41' title='bbox 314 1158 458 1239; x_wconf 85' lang='lat' dir='ltr'>peculiari</span> <span class='ocrx_word' id='word_1_42' title='bbox 482 1158 680 1237; x_wconf 86' lang='lat' dir='ltr'>disputatione</span> <span class='ocrx_word' id='word_1_43' title='bbox 701 1151 915 1238; x_wconf 83' lang='lat' dir='ltr'>persequemur</span> <span class='ocrx_word' id='word_1_44' title='bbox 930 1162 988 1237; x_wconf 83' lang='lat'>¹⁵),</span> <span class='ocrx_word' id='word_1_45' title='bbox 1022 1177 1039 1222; x_wconf 88' lang='lat' dir='ltr'>a</span> <span class='ocrx_word' id='word_1_46' title='bbox 1069 1157 1256 1242; x_wconf 75' lang='lat' dir='ltr'>gravissimis</span> <span class='ocrx_word' id='word_1_47' title='bbox 1283 1158 1357 1220; x_wconf 86' lang='lat' dir='ltr'>viris</span> 
     </span>
     <span class='ocr_line' id='line_1_8' title="bbox 315 1257 933 1340; baseline 0 -19"><span class='ocrx_word' id='word_1_48' title='bbox 315 1267 346 1321; x_wconf 87' lang='lat' dir='ltr'>at</span> <span class='ocrx_word' id='word_1_49' title='bbox 367 1260 431 1340; x_wconf 89' lang='lat' dir='ltr'>ipse</span> <span class='ocrx_word' id='word_1_50' title='bbox 452 1257 490 1320; x_wconf 91' lang='lat' dir='ltr'>ad</span> <span class='ocrx_word' id='word_1_51' title='bbox 513 1257 703 1321; x_wconf 91' lang='lat' dir='ltr'>scribendum</span> <span class='ocrx_word' id='word_1_52' title='bbox 724 1260 763 1320; x_wconf 89' lang='lat' dir='ltr'>sit</span> <span class='ocrx_word' id='word_1_53' title='bbox 783 1259 933 1340; x_wconf 83' lang='lat' dir='ltr'>impulsus</span> 
     </span>
    </p>

    <p class='ocr_par' dir='ltr' id='par_1_3' title="bbox 316 1356 1357 1633">
     <span class='ocr_line' id='line_1_9' title="bbox 399 1356 1357 1442; baseline -0.001 -22"><span class='ocrx_word' id='word_1_54' title='bbox 399 1358 485 1432; x_wconf 84' lang='lat' dir='ltr'>Quod</span> <span class='ocrx_word' id='word_1_55' title='bbox 507 1364 603 1420; x_wconf 87' lang='lat' dir='ltr'>autern</span> <span class='ocrx_word' id='word_1_56' title='bbox 628 1360 658 1419; x_wconf 94' lang='lat' dir='ltr'>in</span> <span class='ocrx_word' id='word_1_57' title='bbox 680 1358 853 1440; x_wconf 87' lang='lat' dir='ltr'>theologiae</span> <span class='ocrx_word' id='word_1_58' title='bbox 876 1361 951 1422; x_wconf 90' lang='lat' dir='ltr'>lines</span> <span class='ocrx_word' id='word_1_59' title='bbox 972 1359 1094 1442; x_wconf 85' lang='lat' dir='ltr'>ingenio</span> <span class='ocrx_word' id='word_1_60' title='bbox 1109 1373 1164 1420; x_wconf 93' lang='lat' dir='ltr'>suo</span> <span class='ocrx_word' id='word_1_61' title='bbox 1179 1356 1357 1438; x_wconf 91' lang='lat' dir='ltr'>philosopho</span> 
     </span>
     <span class='ocr_line' id='line_1_10' title="bbox 316 1458 1355 1541; baseline -0.004 -19"><span class='ocrx_word' id='word_1_62' title='bbox 316 1458 403 1522; x_wconf 91' lang='lat' dir='ltr'>nimis</span> <span class='ocrx_word' id='word_1_63' title='bbox 426 1473 497 1520; x_wconf 89' lang='lat' dir='ltr'>acre</span> <span class='ocrx_word' id='word_1_64' title='bbox 519 1459 691 1538; x_wconf 86' lang='lat' dir='ltr'>permisisse</span> <span class='ocrx_word' id='word_1_65' title='bbox 723 1459 832 1521; x_wconf 90' lang='lat' dir='ltr'>dicitur</span> <span class='ocrx_word' id='word_1_66' title='bbox 862 1461 1037 1541; x_wconf 90' lang='lat' dir='ltr'>imperium,</span> <span class='ocrx_word' id='word_1_67' title='bbox 1068 1458 1139 1521; x_wconf 91' lang='lat' dir='ltr'>lieet</span> <span class='ocrx_word' id='word_1_68' title='bbox 1169 1474 1272 1520; x_wconf 86' lang='lat' dir='ltr'>verum</span> <span class='ocrx_word' id='word_1_69' title='bbox 1306 1459 1355 1535; x_wconf 90' lang='lat' dir='ltr'>sit,</span> 
     </span>
     <span class='ocr_line' id='line_1_11' title="bbox 316 1558 1180 1633; baseline -0.002 -12"><span class='ocrx_word' id='word_1_70' title='bbox 316 1562 394 1622; x_wconf 91' lang='lat' dir='ltr'>hanc</span> <span class='ocrx_word' id='word_1_71' title='bbox 415 1567 511 1620; x_wconf 90' lang='lat' dir='ltr'>tamen</span> <span class='ocrx_word' id='word_1_72' title='bbox 534 1560 710 1633; x_wconf 83' lang='lat' dir='ltr'>sententiam</span> <span class='ocrx_word' id='word_1_73' title='bbox 732 1567 864 1622; x_wconf 91' lang='lat' dir='ltr'>nostram</span> <span class='ocrx_word' id='word_1_74' title='bbox 885 1561 997 1624; x_wconf 90' lang='lat' dir='ltr'>irritam</span> <span class='ocrx_word' id='word_1_75' title='bbox 1018 1575 1078 1622; x_wconf 93' lang='lat' dir='ltr'>non</span> <span class='ocrx_word' id='word_1_76' title='bbox 1100 1558 1180 1621; x_wconf 88' lang='lat' dir='ltr'>lacit.</span> 
     </span>
    </p>

    <p class='ocr_par' dir='ltr' id='par_1_4' title="bbox 312 1657 1355 2446">
     <span class='ocr_line' id='line_1_12' title="bbox 398 1657 1355 1742; baseline -0.001 -21"><span class='ocrx_word' id='word_1_77' title='bbox 398 1660 458 1723; x_wconf 91' lang='lat' dir='ltr'>lam</span> <span class='ocrx_word' id='word_1_78' title='bbox 481 1675 553 1721; x_wconf 92' lang='lat' dir='ltr'>vero</span> <span class='ocrx_word' id='word_1_79' title='bbox 576 1661 607 1720; x_wconf 94' lang='lat' dir='ltr'>in</span> <span class='ocrx_word' id='word_1_80' title='bbox 629 1659 835 1740; x_wconf 85' lang='lat' dir='ltr'>philosophia,</span> <span class='ocrx_word' id='word_1_81' title='bbox 871 1660 1038 1742; x_wconf 86' lang='lat' dir='ltr'>quicunque</span> <span class='ocrx_word' id='word_1_82' title='bbox 1070 1659 1172 1722; x_wconf 92' lang='lat' dir='ltr'>idonei</span> <span class='ocrx_word' id='word_1_83' title='bbox 1202 1657 1288 1722; x_wconf 91' lang='lat' dir='ltr'>huius</span> <span class='ocrx_word' id='word_1_84' title='bbox 1308 1659 1355 1720; x_wconf 88' lang='lat' dir='ltr'>rai</span> 
     </span>
     <span class='ocr_line' id='line_1_13' title="bbox 313 1760 1353 1842; baseline -0.003 -19"><span class='ocrx_word' id='word_1_85' title='bbox 313 1761 429 1823; x_wconf 90' lang='lat' dir='ltr'>iudices</span> <span class='ocrx_word' id='word_1_86' title='bbox 451 1766 537 1838; x_wconf 89' lang='lat' dir='ltr'>sunt,</span> <span class='ocrx_word' id='word_1_87' title='bbox 569 1762 677 1823; x_wconf 88' lang='lat' dir='ltr'>Scato·</span> <span class='ocrx_word' id='word_1_88' title='bbox 692 1780 764 1842; x_wconf 91' lang='lat' dir='ltr'>prae</span> <span class='ocrx_word' id='word_1_89' title='bbox 787 1763 924 1823; x_wconf 91' lang='lat' dir='ltr'>omnihus</span> <span class='ocrx_word' id='word_1_90' title='bbox 946 1764 1010 1824; x_wconf 90' lang='lat' dir='ltr'>eius</span> <span class='ocrx_word' id='word_1_91' title='bbox 1033 1761 1206 1842; x_wconf 83' lang='lat' dir='ltr'>aequalibus</span> <span class='ocrx_word' id='word_1_92' title='bbox 1228 1760 1353 1840; x_wconf 92' lang='lat' dir='ltr'>palmam</span> 
     </span>
     <span class='ocr_line' id='line_1_14' title="bbox 314 1859 1354 1939; baseline -0.002 -16"><span class='ocrx_word' id='word_1_93' title='bbox 314 1859 434 1924; x_wconf 89' lang='lat' dir='ltr'>delerre</span> <span class='ocrx_word' id='word_1_94' title='bbox 460 1879 520 1921; x_wconf 91' lang='lat' dir='ltr'>non</span> <span class='ocrx_word' id='word_1_95' title='bbox 544 1861 685 1923; x_wconf 88' lang='lat' dir='ltr'>dubitant.</span> <span class='ocrx_word' id='word_1_96' title='bbox 721 1863 848 1924; x_wconf 81' lang='lat' dir='ltr'>Prodest</span> <span class='ocrx_word' id='word_1_97' title='bbox 871 1865 917 1924; x_wconf 87' lang='lat' dir='ltr'>vir</span> <span class='ocrx_word' id='word_1_98' title='bbox 941 1862 1163 1939; x_wconf 80' lang='lat' dir='ltr'>celeberrimus,</span> <span class='ocrx_word' id='word_1_99' title='bbox 1183 1860 1354 1923; x_wconf 91' lang='lat' dir='ltr'>l.Bruche-</span> 
     </span>
     <span class='ocr_line' id='line_1_15' title="bbox 313 1961 1353 2042; baseline 0 -20"><span class='ocrx_word' id='word_1_100' title='bbox 313 1979 386 2038; x_wconf 90' lang='lat' dir='ltr'>rns,</span> <span class='ocrx_word' id='word_1_101' title='bbox 420 1961 468 2040; x_wconf 88' lang='lat' dir='ltr'>qui</span> <span class='ocrx_word' id='word_1_102' title='bbox 500 1963 530 2024; x_wconf 91' lang='lat' dir='ltr'>iu</span> <span class='ocrx_word' id='word_1_103' title='bbox 565 1963 667 2024; x_wconf 88' lang='lat' dir='ltr'>critica</span> <span class='ocrx_word' id='word_1_104' title='bbox 699 1962 906 2042; x_wconf 89' lang='lat' dir='ltr'>philosophiae</span> <span class='ocrx_word' id='word_1_105' title='bbox 938 1962 1062 2026; x_wconf 91' lang='lat' dir='ltr'>historia</span> <span class='ocrx_word' id='word_1_106' title='bbox 1075 1963 1117 2040; x_wconf 79' lang='lat'>¹0)</span> <span class='ocrx_word' id='word_1_107' title='bbox 1146 1963 1186 2024; x_wconf 89' lang='lat' dir='ltr'>ita</span> <span class='ocrx_word' id='word_1_108' title='bbox 1217 1961 1353 2041; x_wconf 88' lang='lat' dir='ltr'>scripsit:</span> 
     </span>
     <span class='ocr_line' id='line_1_16' title="bbox 314 2059 1354 2144; baseline -0.002 -21"><span class='ocrx_word' id='word_1_109' title='bbox 314 2063 429 2138; x_wconf 90' lang='lat' dir='ltr'>„Nemo</span> <span class='ocrx_word' id='word_1_110' title='bbox 453 2061 511 2123; x_wconf 93' lang='lat' dir='ltr'>hoc</span> <span class='ocrx_word' id='word_1_111' title='bbox 533 2062 655 2124; x_wconf 87' lang='lat' dir='ltr'>saeculo</span> <span class='ocrx_word' id='word_1_112' title='bbox 678 2059 752 2138; x_wconf 79' lang='lat' dir='ltr'>(lX)</span> <span class='ocrx_word' id='word_1_113' title='bbox 773 2063 979 2144; x_wconf 86' lang='lat' dir='ltr'>philosophiae</span> <span class='ocrx_word' id='word_1_114' title='bbox 996 2063 1084 2124; x_wconf 90' lang='lat' dir='ltr'>laude</span> <span class='ocrx_word' id='word_1_115' title='bbox 1104 2064 1199 2143; x_wconf 88' lang='lat' dir='ltr'>magis</span> <span class='ocrx_word' id='word_1_116' title='bbox 1221 2061 1354 2137; x_wconf 88' lang='lat' dir='ltr'>eminuit,</span> 
     </span>
     <span class='ocr_line' id='line_1_17' title="bbox 313 2161 1354 2246; baseline 0 -22"><span class='ocrx_word' id='word_1_117' title='bbox 313 2181 401 2243; x_wconf 86' lang='lat' dir='ltr'>quam</span> <span class='ocrx_word' id='word_1_118' title='bbox 422 2161 442 2223; x_wconf 90' lang='lat' dir='ltr'>l.</span> <span class='ocrx_word' id='word_1_119' title='bbox 466 2164 607 2226; x_wconf 85' lang='lat' dir='ltr'>Scotus.“</span> <span class='ocrx_word' id='word_1_120' title='bbox 648 2164 685 2225; x_wconf 87' lang='lat' dir='ltr'>Et</span> <span class='ocrx_word' id='word_1_121' title='bbox 708 2164 832 2226; x_wconf 89' lang='lat' dir='ltr'>deinde:</span> <span class='ocrx_word' id='word_1_122' title='bbox 863 2165 1029 2246; x_wconf 88' lang='lat' dir='ltr'>„Sapientis</span> <span class='ocrx_word' id='word_1_123' title='bbox 1062 2181 1172 2227; x_wconf 91' lang='lat' dir='ltr'>nomen</span> <span class='ocrx_word' id='word_1_124' title='bbox 1193 2165 1232 2226; x_wconf 92' lang='lat' dir='ltr'>oh</span> <span class='ocrx_word' id='word_1_125' title='bbox 1254 2161 1354 2243; x_wconf 90' lang='lat' dir='ltr'>philo-</span> 
     </span>
     <span class='ocr_line' id='line_1_18' title="bbox 312 2263 1353 2346; baseline -0.004 -20"><span class='ocrx_word' id='word_1_126' title='bbox 312 2263 437 2342; x_wconf 90' lang='lat' dir='ltr'>sophiae</span> <span class='ocrx_word' id='word_1_127' title='bbox 460 2265 594 2326; x_wconf 86' lang='lat' dir='ltr'>notitlam</span> <span class='ocrx_word' id='word_1_128' title='bbox 613 2281 735 2344; x_wconf 91' lang='lat' dir='ltr'>prorsus</span> <span class='ocrx_word' id='word_1_129' title='bbox 758 2267 938 2346; x_wconf 83' lang='lat' dir='ltr'>singularem</span> <span class='ocrx_word' id='word_1_130' title='bbox 960 2268 1089 2346; x_wconf 87' lang='lat' dir='ltr'>accepit·</span> <span class='ocrx_word' id='word_1_131' title='bbox 1111 2303 1149 2316; x_wconf 92' lang='grc'>-</span> <span class='ocrx_word' id='word_1_132' title='bbox 1171 2300 1213 2312; x_wconf 90' lang='grc'>-</span> <span class='ocrx_word' id='word_1_133' title='bbox 1244 2264 1277 2324; x_wconf 94' lang='lat' dir='ltr'>ln</span> <span class='ocrx_word' id='word_1_134' title='bbox 1295 2279 1353 2342; x_wconf 89' lang='lat' dir='ltr'>pu.</span> 
     </span>
     <span class='ocr_line' id='line_1_19' title="bbox 312 2363 1351 2446; baseline -0.003 -20"><span class='ocrx_word' id='word_1_135' title='bbox 312 2363 378 2426; x_wconf 89' lang='lat' dir='ltr'>sillo</span> <span class='ocrx_word' id='word_1_136' title='bbox 402 2364 516 2440; x_wconf 76' lang='lat' dir='ltr'>(Sonti)</span> <span class='ocrx_word' id='word_1_137' title='bbox 545 2381 673 2444; x_wconf 89' lang='lat' dir='ltr'>oorpore</span> <span class='ocrx_word' id='word_1_138' title='bbox 703 2383 841 2446; x_wconf 91' lang='lat' dir='ltr'>magnum</span> <span class='ocrx_word' id='word_1_139' title='bbox 866 2367 1008 2428; x_wconf 83' lang='lat' dir='ltr'>habitavit</span> <span class='ocrx_word' id='word_1_140' title='bbox 1028 2366 1180 2446; x_wconf 92' lang='lat' dir='ltr'>ingenium</span> <span class='ocrx_word' id='word_1_141' title='bbox 1201 2399 1241 2411; x_wconf 92' lang='lat'>-</span> <span class='ocrx_word' id='word_1_142' title='bbox 1262 2379 1351 2441; x_wconf 88' lang='lat' dir='ltr'>supra</span> 
     </span>
    </p>
   </div>
   <div class='ocr_carea' id='block_1_3' title="bbox 297 2461 1403 3553">
    <p class='ocr_par' dir='ltr' id='par_1_5' title="bbox 297 2461 1403 3553">
     <span class='ocr_line' id='line_1_20' title="bbox 312 2461 1350 2543; baseline -0.003 -17"><span class='ocrx_word' id='word_1_143' title='bbox 312 2464 432 2526; x_wconf 89' lang='lat' dir='ltr'>modum</span> <span class='ocrx_word' id='word_1_144' title='bbox 454 2471 570 2538; x_wconf 66' lang='lat' dir='ltr'>amrium</span> <span class='ocrx_word' id='word_1_145' title='bbox 595 2472 625 2526; x_wconf 89' lang='lat' dir='ltr'>et</span> <span class='ocrx_word' id='word_1_146' title='bbox 647 2466 809 2542; x_wconf 65' lang='lat' dir='ltr'>excellens</span> <span class='ocrx_word' id='word_1_147' title='bbox 832 2467 886 2543; x_wconf 92' lang='lat' dir='ltr'>sic,</span> <span class='ocrx_word' id='word_1_148' title='bbox 906 2474 937 2528; x_wconf 92' lang='lat' dir='ltr'>ut</span> <span class='ocrx_word' id='word_1_149' title='bbox 961 2483 1049 2528; x_wconf 90' lang='lat' dir='ltr'>nemo</span> <span class='ocrx_word' id='word_1_150' title='bbox 1069 2465 1109 2528; x_wconf 93' lang='lat' dir='ltr'>illi</span> <span class='ocrx_word' id='word_1_151' title='bbox 1132 2465 1187 2524; x_wconf 91' lang='lat' dir='ltr'>ista</span> <span class='ocrx_word' id='word_1_152' title='bbox 1204 2468 1302 2524; x_wconf 88' lang='lat' dir='ltr'>aetate</span> <span class='ocrx_word' id='word_1_153' title='bbox 1319 2461 1350 2523; x_wconf 87' lang='lat' dir='ltr'>in</span> 
     </span>
     <span class='ocr_line' id='line_1_21' title="bbox 311 2561 1350 2645; baseline 0.001 -21"><span class='ocrx_word' id='word_1_154' title='bbox 311 2564 497 2645; x_wconf 69' lang='lat' dir='ltr'>philosophia</span> <span class='ocrx_word' id='word_1_155' title='bbox 521 2567 730 2644; x_wconf 81' lang='lat' dir='ltr'>praestiterit.“</span> <span class='ocrx_word' id='word_1_156' title='bbox 772 2567 823 2628; x_wconf 88' lang='lat' dir='ltr'>His</span> <span class='ocrx_word' id='word_1_157' title='bbox 844 2561 986 2628; x_wconf 81' lang='lat' dir='ltr'>Brucheri</span> <span class='ocrx_word' id='word_1_158' title='bbox 1012 2567 1111 2643; x_wconf 90' lang='lat' dir='ltr'>dictis,</span> <span class='ocrx_word' id='word_1_159' title='bbox 1140 2563 1246 2644; x_wconf 90' lang='lat' dir='ltr'>quibus</span> <span class='ocrx_word' id='word_1_160' title='bbox 1267 2563 1350 2642; x_wconf 86' lang='lat' dir='ltr'>plura</span> 
     </span>
     <span class='ocr_line' id='line_1_22' title="bbox 311 2653 1349 2746; baseline -0.005 -21"><span class='ocrx_word' id='word_1_161' title='bbox 311 2664 445 2726; x_wconf 88' lang='lat' dir='ltr'>eiusdem</span> <span class='ocrx_word' id='word_1_162' title='bbox 466 2665 598 2727; x_wconf 90' lang='lat' dir='ltr'>auctoris</span> <span class='ocrx_word' id='word_1_163' title='bbox 619 2664 732 2728; x_wconf 90' lang='lat' dir='ltr'>addere</span> <span class='ocrx_word' id='word_1_164' title='bbox 753 2682 918 2746; x_wconf 91' lang='lat' dir='ltr'>possemus,</span> <span class='ocrx_word' id='word_1_165' title='bbox 940 2682 1001 2728; x_wconf 90' lang='lat' dir='ltr'>non</span> <span class='ocrx_word' id='word_1_166' title='bbox 1024 2667 1120 2728; x_wconf 92' lang='lat' dir='ltr'>minus</span> <span class='ocrx_word' id='word_1_167' title='bbox 1138 2653 1229 2726; x_wconf 84' lang='lat' dir='ltr'>Scuto</span> <span class='ocrx_word' id='word_1_168' title='bbox 1254 2661 1349 2723; x_wconf 89' lang='lat' dir='ltr'>bono·</span> 
     </span>
     <span class='ocr_line' id='line_1_23' title="bbox 310 2762 1347 2848; baseline -0.008 -22"><span class='ocrx_word' id='word_1_169' title='bbox 310 2765 416 2843; x_wconf 89' lang='lat' dir='ltr'>rihcu,</span> <span class='ocrx_word' id='word_1_170' title='bbox 456 2767 577 2826; x_wconf 93' lang='lat' dir='ltr'>omnino</span> <span class='ocrx_word' id='word_1_171' title='bbox 611 2768 802 2830; x_wconf 91' lang='lat' dir='ltr'>consentiunt</span> <span class='ocrx_word' id='word_1_172' title='bbox 824 2766 875 2830; x_wconf 92' lang='lat' dir='ltr'>alii</span> <span class='ocrx_word' id='word_1_173' title='bbox 896 2767 973 2846; x_wconf 89' lang='lat' dir='ltr'>viri,</span> <span class='ocrx_word' id='word_1_174' title='bbox 1009 2775 1132 2848; x_wconf 85' lang='lat' dir='ltr'>qaorum</span> <span class='ocrx_word' id='word_1_175' title='bbox 1157 2762 1294 2825; x_wconf 89' lang='lat' dir='ltr'>iudicium</span> <span class='ocrx_word' id='word_1_176' title='bbox 1317 2763 1347 2818; x_wconf 88' lang='lat' dir='ltr'>et</span> 
     </span>
     <span class='ocr_line' id='line_1_24' title="bbox 310 2858 1403 2947; baseline -0.006 -20"><span class='ocrx_word' id='word_1_177' title='bbox 310 2867 404 2946; x_wconf 92' lang='lat' dir='ltr'>ipsum</span> <span class='ocrx_word' id='word_1_178' title='bbox 428 2866 542 2945; x_wconf 88' lang='lat' dir='ltr'>plurimi</span> <span class='ocrx_word' id='word_1_179' title='bbox 567 2867 642 2946; x_wconf 84' lang='lat' dir='ltr'>apud</span> <span class='ocrx_word' id='word_1_180' title='bbox 662 2867 723 2929; x_wconf 92' lang='lat' dir='ltr'>nos</span> <span class='ocrx_word' id='word_1_181' title='bbox 737 2868 879 2947; x_wconf 89' lang='lat' dir='ltr'>ponderis</span> <span class='ocrx_word' id='word_1_182' title='bbox 901 2883 970 2929; x_wconf 88' lang='lat' dir='ltr'>esse</span> <span class='ocrx_word' id='word_1_183' title='bbox 984 2867 1083 2928; x_wconf 88' lang='lat' dir='ltr'>debet</span> <span class='ocrx_word' id='word_1_184' title='bbox 1095 2870 1144 2940; x_wconf 82' lang='lat'>¹⁷).</span> <span class='ocrx_word' id='word_1_185' title='bbox 1186 2865 1280 2942; x_wconf 85' lang='lat' dir='ltr'>Atque</span> <span class='ocrx_word' id='word_1_186' title='bbox 1308 2858 1346 2922; x_wconf 84' lang='lat' dir='ltr'>da</span> <span class='ocrx_word' id='word_1_187' title='bbox 1402 2883 1403 2888; x_wconf 45' lang='lat'>¹</span> 
     </span>
     <span class='ocr_line' id='line_1_25' title="bbox 308 2956 1347 3046; baseline -0.005 -19"><span class='ocrx_word' id='word_1_188' title='bbox 308 2967 454 3028; x_wconf 92' lang='lat' dir='ltr'>industria</span> <span class='ocrx_word' id='word_1_189' title='bbox 475 2984 529 3028; x_wconf 90' lang='lat' dir='ltr'>eos</span> <span class='ocrx_word' id='word_1_190' title='bbox 550 2973 661 3029; x_wconf 87' lang='lat' dir='ltr'>tantum</span> <span class='ocrx_word' id='word_1_191' title='bbox 689 2969 835 3031; x_wconf 89' lang='lat' dir='ltr'>hocloco</span> <span class='ocrx_word' id='word_1_192' title='bbox 858 2974 950 3031; x_wconf 91' lang='lat' dir='ltr'>testes</span> <span class='ocrx_word' id='word_1_193' title='bbox 972 2956 1168 3044; x_wconf 82' lang='lat' dir='ltr'>adhibuimus,</span> <span class='ocrx_word' id='word_1_194' title='bbox 1191 2966 1241 3046; x_wconf 86' lang='lat' dir='ltr'>qui</span> <span class='ocrx_word' id='word_1_195' title='bbox 1254 2964 1347 3044; x_wconf 91' lang='lat' dir='ltr'>ipsam</span> 
     </span>
     <span class='ocr_line' id='line_1_26' title="bbox 307 3064 1348 3150; baseline -0.006 -22"><span class='ocrx_word' id='word_1_196' title='bbox 307 3067 457 3148; x_wconf 83' lang='lat' dir='ltr'>Erigonae</span> <span class='ocrx_word' id='word_1_197' title='bbox 477 3065 692 3149; x_wconf 61' lang='lat' dir='ltr'>pffllosophiam</span> <span class='ocrx_word' id='word_1_198' title='bbox 715 3087 829 3132; x_wconf 92' lang='lat' dir='ltr'>summo</span> <span class='ocrx_word' id='word_1_199' title='bbox 851 3086 943 3150; x_wconf 88' lang='lat' dir='ltr'>opere</span> <span class='ocrx_word' id='word_1_200' title='bbox 961 3069 1152 3131; x_wconf 87' lang='lat' dir='ltr'>detestantur.</span> <span class='ocrx_word' id='word_1_201' title='bbox 1189 3064 1348 3140; x_wconf 86' lang='lat' dir='ltr'>Quaderc</span> 
     </span>
     <span class='ocr_line' id='line_1_27' title="bbox 307 3168 1347 3248; baseline -0.002 -21"><span class='ocrx_word' id='word_1_202' title='bbox 307 3169 413 3230; x_wconf 92' lang='lat' dir='ltr'>iterum</span> <span class='ocrx_word' id='word_1_203' title='bbox 436 3169 687 3231; x_wconf 84' lang='lat' dir='ltr'>Brucherivarba</span> <span class='ocrx_word' id='word_1_204' title='bbox 704 3171 922 3232; x_wconf 88' lang='lat' dir='ltr'>transscribere</span> <span class='ocrx_word' id='word_1_205' title='bbox 938 3170 1045 3232; x_wconf 84' lang='lat' dir='ltr'>liccat:</span> <span class='ocrx_word' id='word_1_206' title='bbox 1067 3168 1242 3248; x_wconf 81' lang='lat' dir='ltr'>praesertim</span> <span class='ocrx_word' id='word_1_207' title='bbox 1259 3181 1347 3242; x_wconf 90' lang='lat' dir='ltr'>quum</span> 
     </span>
     <span class='ocr_line' id='line_1_28' title="bbox 307 3264 1348 3351; baseline -0.002 -23"><span class='ocrx_word' id='word_1_208' title='bbox 307 3268 412 3346; x_wconf 91' lang='lat' dir='ltr'>simul,</span> <span class='ocrx_word' id='word_1_209' title='bbox 443 3269 473 3330; x_wconf 94' lang='lat' dir='ltr'>id</span> <span class='ocrx_word' id='word_1_210' title='bbox 504 3270 583 3351; x_wconf 86' lang='lat' dir='ltr'>quod</span> <span class='ocrx_word' id='word_1_211' title='bbox 613 3272 643 3332; x_wconf 92' lang='lat' dir='ltr'>in</span> <span class='ocrx_word' id='word_1_212' title='bbox 677 3278 810 3333; x_wconf 88' lang='lat' dir='ltr'>extrema</span> <span class='ocrx_word' id='word_1_213' title='bbox 832 3271 918 3335; x_wconf 92' lang='lat' dir='ltr'>huius</span> <span class='ocrx_word' id='word_1_214' title='bbox 940 3271 1045 3350; x_wconf 86' lang='lat' dir='ltr'>capitis</span> <span class='ocrx_word' id='word_1_215' title='bbox 1066 3275 1150 3350; x_wconf 88' lang='lat' dir='ltr'>parte</span> <span class='ocrx_word' id='word_1_216' title='bbox 1172 3264 1259 3325; x_wconf 88' lang='lat' dir='ltr'>uobis</span> <span class='ocrx_word' id='word_1_217' title='bbox 1281 3266 1348 3326; x_wconf 89' lang='lat' dir='ltr'>usui</span> 
     </span>
     <span class='ocr_line' id='line_1_29' title="bbox 297 3362 1348 3452; baseline -0.007 -22"><span class='ocrx_word' id='word_1_218' title='bbox 297 3370 381 3446; x_wconf 81' lang='lat' dir='ltr'>erit,</span> <span class='ocrx_word' id='word_1_219' title='bbox 415 3371 599 3449; x_wconf 86' lang='lat' dir='ltr'>apertissime</span> <span class='ocrx_word' id='word_1_220' title='bbox 628 3371 799 3449; x_wconf 87' lang='lat' dir='ltr'>declarent,</span> <span class='ocrx_word' id='word_1_221' title='bbox 834 3372 928 3452; x_wconf 89' lang='lat' dir='ltr'>qualis</span> <span class='ocrx_word' id='word_1_222' title='bbox 961 3371 1037 3432; x_wconf 87' lang='lat' dir='ltr'>haec</span> <span class='ocrx_word' id='word_1_223' title='bbox 1069 3370 1132 3448; x_wconf 91' lang='lat' dir='ltr'>ipsa</span> <span class='ocrx_word' id='word_1_224' title='bbox 1161 3362 1348 3445; x_wconf 90' lang='lat' dir='ltr'>philosophia</span> 
     </span>
     <span class='ocr_line' id='line_1_30' title="bbox 304 3464 1347 3553; baseline -0.005 -23"><span class='ocrx_word' id='word_1_225' title='bbox 304 3467 403 3531; x_wconf 83' lang='lat' dir='ltr'>fuerit.</span> <span class='ocrx_word' id='word_1_226' title='bbox 438 3471 497 3544; x_wconf 75' lang='lat' dir='ltr'>,hit</span> <span class='ocrx_word' id='word_1_227' title='bbox 519 3473 609 3553; x_wconf 88' lang='lat' dir='ltr'>igitur</span> <span class='ocrx_word' id='word_1_228' title='bbox 629 3472 797 3538; x_wconf 90' lang='lat' dir='ltr'>Brucherus</span> <span class='ocrx_word' id='word_1_229' title='bbox 811 3481 863 3552; x_wconf 81' lang='lat'>¹⁸),</span> <span class='ocrx_word' id='word_1_230' title='bbox 887 3489 1004 3534; x_wconf 88' lang='lat' dir='ltr'>omnem</span> <span class='ocrx_word' id='word_1_231' title='bbox 1026 3468 1108 3532; x_wconf 91' lang='lat' dir='ltr'>Scoti</span> <span class='ocrx_word' id='word_1_232' title='bbox 1130 3464 1347 3547; x_wconf 90' lang='lat' dir='ltr'>philosophiam</span> 
     </span>
    </p>
   </div>
   <div class='ocr_carea' id='block_1_4' title="bbox 400 3898 1344 4147">
    <p class='ocr_par' dir='ltr' id='par_1_6' title="bbox 400 3898 1344 4147">
     <span class='ocr_line' id='line_1_31' title="bbox 402 3898 1340 3970; baseline -0.009 -15"><span class='ocrx_word' id='word_1_233' title='bbox 402 3905 436 3955; x_wconf 84' lang='lat' dir='ltr'>cf.</span> <span class='ocrx_word' id='word_1_234' title='bbox 469 3904 513 3954; x_wconf 84' lang='lat' dir='ltr'>[ir.</span> <span class='ocrx_word' id='word_1_235' title='bbox 543 3901 626 3954; x_wconf 87' lang='lat' dir='ltr'>Hock.</span> <span class='ocrx_word' id='word_1_236' title='bbox 655 3903 701 3953; x_wconf 92' lang='lat' dir='ltr'>l.l.</span> <span class='ocrx_word' id='word_1_237' title='bbox 728 3919 755 3970; x_wconf 89' lang='lat' dir='ltr'>p.</span> <span class='ocrx_word' id='word_1_238' title='bbox 772 3899 808 3952; x_wconf 84' lang='grc'>33</span> <span class='ocrx_word' id='word_1_239' title='bbox 834 3917 926 3970; x_wconf 58' lang='lat' dir='ltr'>seqq„</span> <span class='ocrx_word' id='word_1_240' title='bbox 951 3899 1137 3951; x_wconf 81' lang='lat' dir='ltr'>Tenuemauu.</span> <span class='ocrx_word' id='word_1_241' title='bbox 1157 3899 1220 3950; x_wconf 88' lang='lat' dir='ltr'>hist.</span> <span class='ocrx_word' id='word_1_242' title='bbox 1241 3898 1340 3967; x_wconf 83' lang='lat' dir='ltr'>philos.</span> 
     </span>
     <span class='ocr_line' id='line_1_32' title="bbox 400 3977 1344 4059; baseline -0.007 -16"><span class='ocrx_word' id='word_1_243' title='bbox 400 3992 462 4043; x_wconf 83' lang='lat' dir='ltr'>vot.</span> <span class='ocrx_word' id='word_1_244' title='bbox 483 3991 553 4043; x_wconf 89' lang='lat' dir='ltr'>Vlll.</span> <span class='ocrx_word' id='word_1_245' title='bbox 573 4007 632 4059; x_wconf 85' lang='lat' dir='ltr'>pars</span> <span class='ocrx_word' id='word_1_246' title='bbox 652 3991 672 4050; x_wconf 94' lang='lat' dir='ltr'>l,</span> <span class='ocrx_word' id='word_1_247' title='bbox 689 4007 715 4056; x_wconf 92' lang='lat' dir='ltr'>p.</span> <span class='ocrx_word' id='word_1_248' title='bbox 734 3989 769 4041; x_wconf 82' lang='lat'>65</span> <span class='ocrx_word' id='word_1_249' title='bbox 788 4005 872 4058; x_wconf 68' lang='lat' dir='ltr'>seqq,</span> <span class='ocrx_word' id='word_1_250' title='bbox 892 3977 1039 4040; x_wconf 81' lang='lat' dir='ltr'>doctissimi</span> <span class='ocrx_word' id='word_1_251' title='bbox 1057 3985 1223 4038; x_wconf 77' lang='lat' dir='ltr'>benedictini</span> <span class='ocrx_word' id='word_1_252' title='bbox 1242 4001 1257 4034; x_wconf 82' lang='lat' dir='ltr'>e</span> <span class='ocrx_word' id='word_1_253' title='bbox 1275 4000 1344 4036; x_wconf 85' lang='lat' dir='ltr'>con·</span> 
     </span>
     <span class='ocr_line' id='line_1_33' title="bbox 403 4071 1309 4147; baseline -0.006 -20"><span class='ocrx_word' id='word_1_254' title='bbox 403 4081 558 4147; x_wconf 83' lang='lat' dir='ltr'>gragatione</span> <span class='ocrx_word' id='word_1_255' title='bbox 580 4095 599 4128; x_wconf 86' lang='lat' dir='ltr'>s.</span> <span class='ocrx_word' id='word_1_256' title='bbox 620 4077 706 4128; x_wconf 84' lang='lat' dir='ltr'>llIorrri</span> <span class='ocrx_word' id='word_1_257' title='bbox 729 4077 757 4126; x_wconf 90' lang='lat' dir='ltr'>iu</span> <span class='ocrx_word' id='word_1_258' title='bbox 775 4075 837 4128; x_wconf 85' lang='lat' dir='ltr'>hist.</span> <span class='ocrx_word' id='word_1_259' title='bbox 857 4076 912 4130; x_wconf 87' lang='lat' dir='ltr'>litt.</span> <span class='ocrx_word' id='word_1_260' title='bbox 930 4084 994 4127; x_wconf 86' lang='lat' dir='ltr'>tom.</span> <span class='ocrx_word' id='word_1_261' title='bbox 1014 4074 1045 4135; x_wconf 91' lang='lat' dir='ltr'>V,</span> <span class='ocrx_word' id='word_1_262' title='bbox 1065 4091 1092 4144; x_wconf 91' lang='lat' dir='ltr'>p.</span> <span class='ocrx_word' id='word_1_263' title='bbox 1112 4071 1163 4124; x_wconf 82' lang='lat' dir='ltr'>tlt</span> <span class='ocrx_word' id='word_1_264' title='bbox 1185 4079 1237 4122; x_wconf 84' lang='lat' dir='ltr'>cet.</span> <span class='ocrx_word' id='word_1_265' title='bbox 1257 4079 1309 4123; x_wconf 86' lang='lat' dir='ltr'>cet.</span> 
     </span>
    </p>
   </div>
   <div class='ocr_carea' id='block_1_5' title="bbox 334 4175 1344 4254">
    <p class='ocr_par' dir='ltr' id='par_1_7' title="bbox 334 4175 1344 4254">
     <span class='ocr_line' id='line_1_34' title="bbox 334 4175 1344 4254; baseline -0.008 -20"><span class='ocrx_word' id='word_1_266' title='bbox 334 4184 380 4254; x_wconf 88' lang='grc'>18)</span> <span class='ocrx_word' id='word_1_267' title='bbox 399 4183 430 4234; x_wconf 86' lang='lat' dir='ltr'>cf.</span> <span class='ocrx_word' id='word_1_268' title='bbox 448 4182 465 4233; x_wconf 90' lang='grc' dir='ltr'>Ι.</span> <span class='ocrx_word' id='word_1_269' title='bbox 480 4185 496 4233; x_wconf 89' lang='lat' dir='ltr'>l.</span> <span class='ocrx_word' id='word_1_270' title='bbox 516 4199 542 4250; x_wconf 88' lang='lat' dir='ltr'>p.</span> <span class='ocrx_word' id='word_1_271' title='bbox 564 4179 624 4231; x_wconf 80' lang='lat'>621.</span> <span class='ocrx_word' id='word_1_272' title='bbox 662 4179 825 4249; x_wconf 82' lang='lat' dir='ltr'>Quarehic</span> <span class='ocrx_word' id='word_1_273' title='bbox 853 4178 887 4231; x_wconf 84' lang='lat' dir='ltr'>ad</span> <span class='ocrx_word' id='word_1_274' title='bbox 916 4180 1045 4247; x_wconf 77' lang='lat' dir='ltr'>Erigonae</span> <span class='ocrx_word' id='word_1_275' title='bbox 1075 4175 1278 4249; x_wconf 81' lang='lat' dir='ltr'>philosophiam</span> <span class='ocrx_word' id='word_1_276' title='bbox 1296 4176 1344 4227; x_wconf 83' lang='lat' dir='ltr'>de·</span> 
     </span>
    </p>
   </div>
   <div class='ocr_carea' id='block_1_6' title="bbox 0 0 1512 4950">
    <p class='ocr_par' dir='ltr' id='par_1_8' title="bbox 0 0 1512 4950">
     <span class='ocr_line' id='line_1_35' title="bbox 0 0 1512 4950; baseline 0 5"><span class='ocrx_word' id='word_1_277' title='bbox 0 0 1512 4950; x_wconf 95' lang='lat' dir='ltr'> </span> 
     </span>
    </p>
   </div>
  </div>
 </body>
</html>
