3014 4950
331 415 370 483 14

326 601 517 679 interpretum
536 604 565 659 et
580 598 716 679 vulgatae
732 599 880 662 versionis
902 616 1023 662 errores
1045 600 1223 681 amplexus?
1253 603 1290 666 de
1312 581 1369 668 ιιιι.Ι

330 701 433 763 braica
455 701 591 762 veritate
605 698 699 776 „nihil
720 699 897 778 cogitatu).
920 737 961 750 -
996 699 1085 764 Libro
1113 701 1146 764 V.
1164 703 1203 764 de
1225 702 1284 766 div.
1306 714 1367 770 nat.

330 818 395 880 cap.
417 801 475 877 38,
505 801 544 860 ιιι
566 799 685 861 scribit:
720 799 880 878 „iosaphat
910 803 1104 880 compositum
1125 809 1171 866 est
1193 821 1231 864 ex
1255 805 1314 870 iaci
1338 813 1369 870 et

331 897 454 984 Capria.
499 898 535 960 ut
556 897 615 962 toci
641 900 759 980 quidem
780 900 885 962 multas
908 902 1167 981 interpretationes
1189 903 1294 984 habet;
1317 909 1368 971 in-

328 1007 507 1082 terpretatur
530 1000 609 1062 enim
629 1000 765 1076 visibilis,
788 1008 838 1062 aut
859 1002 1012 1077 Dominus,
1032 1009 1082 1064 aut
1102 1003 1208 1084 gloria,
1228 1013 1278 1068 aut
1300 1010 1369 1070 exi.

327 1111 422 1179 siens,
444 1098 493 1162 aut
512 1107 586 1176 erat,
606 1107 657 1162 aut
677 1107 733 1175 est,
759 1107 790 1162 et
813 1100 927 1162 iuturus
951 1109 1013 1178 est;
1043 1100 1157 1186 Capdr
1177 1111 1275 1170 autem
1297 1125 1370 1170 ver-

328 1203 450 1290 titur-iu
472 1201 647 1263 iudicium.“
668 1238 706 1250 -
728 1199 815 1274 Quod
837 1206 919 1264 certe
941 1204 1104 1282 scripturus
1125 1221 1185 1266 non
1209 1205 1317 1284 luerat,
1340 1210 1369 1272 si

329 1322 391 1366 non
414 1321 453 1365 ex
476 1302 592 1363 Graeco
622 1298 720 1380 aliquo
747 1299 889 1362 hebraica
924 1319 977 1363 sua
1006 1303 1192 1382 sustulisset,
1222 1307 1277 1369 sed
1304 1309 1369 1389 ipse

329 1405 503 1467 hebraicum
526 1417 680 1462 sacrorum
704 1400 860 1462 bibliorum
883 1402 1019 1465 codicem
1041 1405 1204 1468 evolvisset
1217 1412 1266 1482 11ι.
1303 1409 1370 1473 lluc

331 1505 462 1580 accedit,
483 1501 562 1584 quod
584 1501 648 1579 ipsc
671 1499 726 1574 (de
746 1499 833 1561 divis.
854 1507 913 1563 nat.
933 1501 967 1578 V,
989 1503 1006 1563 ι
1027 1503 1132 1581 med),
1153 1506 1204 1568 ubi
1220 1507 1369 1588 interpre-

328 1606 470 1668 tationem
493 1600 622 1663 nominis
643 1598 842 1678 „Cherubim‘
862 1603 1011 1682 proponit,
1034 1605 1098 1666 eius
1116 1605 1369 1685 interpretationis

330 1712 470 1768 auctores
498 1701 598 1764 laudat
631 1699 959 1782 Pseudo-Dionysium
992 1703 1206 1785 Areopagitam
1235 1714 1265 1768 et
1294 1707 1369 1788 Epi-

327 1807 466 1888 pbanium
504 1802 605 1878 (euius
643 1799 748 1864 librum
785 1799 860 1879 „de
898 1801 1134 1866 hebraicis
1174 1808 1369 1870 nomini-

327 1908 428 1969 bus“
451 1904 548 1978 citat).
1284 1959 1286 1964 .

339 2038 341 2042 -
412 2004 492 2066 Cave
524 2009 623 2064 tamen
652 1990 778 2077 credas,
816 2016 873 2062 nos
905 2000 962 2064 bac
995 2002 1195 2084 disputatione
1228 2006 1266 2070 de
1287 2009 1370 2074 Sooti

236 2107 239 2114 '
329 2105 418 2168 laude
440 2102 600 2186 quidquam
622 2099 786 2162 detractum
808 2100 893 2162 velle.
937 2101 1049 2170 ilerum
1069 2121 1166 2185 neque
1187 2109 1217 2168 in
1253 2110 1369 2172 virtuti-

330 2209 386 2270 bus
407 2207 471 2267 eius
492 2199 720 2264 commemorari
741 2199 897 2278 voluinrus,
920 2219 996 2281 quae
1017 2221 1077 2266 non
1100 2213 1213 2284 essent,
1233 2215 1262 2270 et
1283 2210 1368 2272 brevi

328 2305 451 2390 patebit,
473 2321 561 2384 quam
584 2301 660 2362 baec
684 2300 748 2380 ipsa
771 2300 930 2379 disputatio
953 2302 992 2365 ad
1008 2303 1096 2367 aliam
1112 2305 1150 2368 de
1164 2308 1256 2370 Scuto
1272 2327 1367 2390 qnae-

327 2409 455 2472 slioncm
478 2399 696 2474 diiudicandam
719 2401 875 2480 pertineat.

414 2501 562 2583 Quidquid
592 2501 675 2564 Scoti
706 2499 887 2580 temporibus
923 2509 1042 2581 praeter
1069 2521 1173 2567 sacras
1203 2505 1315 2570 litteras
1335 2509 1365 2574 iu

327 2609 439 2672 sobolis
464 2604 646 2677 docebatur,
676 2598 841 2663 liberalium
871 2603 974 2664 artium
1004 2603 1068 2666 lere
1102 2604 1208 2668 linibus
1236 2609 1365 2669 circum-

328 2713 470 2791 scriptum
495 2712 568 2768 erat.
610 2705 713 2786 Neque
734 2707 812 2768 inter
834 2705 898 2768 eius
919 2706 1059 2786 aequales
1082 2708 1220 2770 inventus
1238 2714 1291 2783 est,
1312 2707 1363 2787 qui

329 2811 433 2873 barum
454 2809 559 2871 artium
584 2806 648 2869 fere
668 2805 744 2867 lines
763 2805 838 2868 ultra
870 2823 925 2883 ea,
959 2823 1035 2889 quae
1063 2790 1182 2870 lumin
1213 2807 1362 2871 bominum

327 2901 463 2994 mianibus'
485 2924 554 2970 esse
575 2906 723 2982 solebant,
748 2906 936 2986 compendia,
952 2905 1015 2983 ,ullo
1034 2908 1124 2971 modo
1146 2909 1303 2991 proferret.
1324 2944 1363 2956 -

327 3013 394 3073 lure
418 3010 507 3090 igitur
526 3009 584 3069 iam
605 3005 769 3068 laudandus
786 3013 831 3069 est
847 3006 986 3085 loannes,
1007 3010 1056 3089 qui
1073 3016 1183 3074 ιιιιιιειιι
1199 3029 1264 3072 cum
1281 3008 1366 3070 bisce
1398 3071 1404 3080 ,

327 3109 410 3173 libris
432 3108 619 3170 contraxisse
641 3107 778 3168 videatur
799 3105 1048 3187 familiaritatem,
1082 3115 1114 3170 ut
1133 3111 1254 3172 omnino
1276 3108 1306 3168 in
1328 3107 1366 3169 iis

327 3208 515 3272 habitaverit
552 3208 640 3269 Certe
663 3209 752 3286 enim,
773 3207 830 3269 etsi
846 3206 914 3270 illos
928 3207 1020 3285 libros
1035 3227 1094 3282 non
1112 3225 1216 3272 omnes
1230 3206 1368 3272 omnibus

331 3380 613 3395 m*

365 3492 409 3560 10)
429 3491 510 3542 Velut
540 3491 573 3542 de
603 3491 656 3542 div.
683 3500 740 3543 nat.
767 3493 799 3554 ll,
828 3491 871 3554 29,
898 3491 945 3542 ubi
976 3492 1063 3542 locum
1093 3481 1170 3542 illum
1198 3491 1291 3543 Pralm.
1312 3491 1365 3544 cit.

425 3580 516 3648 (vulg.
535 3579 604 3648 clx)
622 3597 646 3630 v.
665 3577 682 3628 3
699 3611 733 3622 -
750 3581 859 3632 omnino
876 3593 1014 3650 perperam
1030 3593 1187 3630 conversum
1202 3577 1294 3630 habnt.
1371 3627 1375 3633 .

364 3687 408 3750 il)
428 3685 527 3736 Saltem
549 3685 628 3744 enim,
659 3685 808 3753 opinamur,
838 3683 992 3735 hebraicum
1011 3697 1109 3736 nomen
1127 3685 1251 3749 maulim
1274 3679 1368 3750 (loho-

427 3768 576 3839 schaphat)
604 3787 660 3822 uon
679 3772 827 3840 scripsisset
847 3767 1031 3836 „loeaphat,“
1061 3778 1092 3821 ut
1109 3757 1232 3827 Gra'ebis,
1247 3753 1367 3840 ‘quippe

427 3857 526 3929 quibua
544 3857 634 3908 littera
655 3857 672 3907 h
691 3857 769 3914 (lesit,
789 3866 817 3907 el
837 3856 899 3908 inde
919 3855 1059 3924 vulgatae,
1076 3872 1157 3926 quam
1178 3862 1282 3918 vocant,
1309 3871 1368 3908 moe

424 3953 482 4010 est;
511 3961 601 4016 neque
627 3946 751 3996 solvisset
782 3943 833 3995 boc
865 3961 963 3999 nomen
989 3947 1015 3995 in
1036 3943 1088 3995 lani
1108 3940 1195 4012 (quod
1212 3940 1366 3996 hebraicum

424 4049 480 4084 nou
504 4033 555 4103 eat)
584 4041 612 4083 et
644 4026 763 4104 θαφάι,
795 4030 843 4084 sed
876 4031 903 4082 in
933 4043 1011 4112 ‚7332
1046 4027 1213 4099 (leho[rab])
1242 4037 1271 4081 et
1294 4039 1367 4100 0525

433 4117 596 4191 (cebaphrtJ.
614 4145 657 4160 -·
960 4105 973 4126 '
1005 4116 1010 4127 '
1328 4107 1358 4128 ”
