3010 4946
1117 459 1175 522 107

133 629 209 693 mou
227 629 346 692 omoiao
368 647 409 692 ec
437 628 524 692 tibris
544 629 581 693 de
608 627 755 692 diomiaae
772 634 904 694 comice
927 649 1022 712 posse
1041 635 1174 714 anquiri,

12 797 13 816 p
133 731 216 813 qaod
248 730 288 793 ab
319 731 370 792 tta
396 730 596 810 pontinianu,
613 747 702 809 pacm
722 731 934 810 emaadoam,
954 735 1036 812 qaod
1053 743 1175 817 occant,

131 839 264 915 systema
288 831 439 912 exprimit,
456 831 541 912 ipsos
562 831 689 894 liberari
708 849 803 912 paese
822 830 963 898 declaret.

600 1006 631 1076 §.
652 999 706 1062 44.

217 1132 414 1196 Nihilominus
434 1131 626 1196 Schiuetems
651 1140 695 1212 (p.
719 1131 786 1194 xiv
806 1141 907 1214 seqq.)
940 1133 1094 1196 iuvenisse
1116 1133 1175 1196 sibi

131 1231 259 1310 videtum,
281 1250 357 1312 quae
380 1231 496 1295 iliorum
527 1233 669 1294 librorum
690 1231 857 1295 doctrinam
877 1232 1064 1313 pantheismo
1086 1233 1174 1313 plane

132 1333 300 1396 absolvant.
356 1333 471 1414 Pugnat
502 1339 601 1395 autem
624 1333 674 1395 iilo
704 1332 773 1395 ioco
801 1334 949 1396 adversus
970 1334 1174 1413 Goerresium,

135 1435 183 1496 cui
205 1433 285 1496 hane
306 1433 407 1496 tribuit
426 1434 621 1498 sententiam:
646 1433 784 1513 „Scotum
806 1434 1011 1514 Areopagitae
1031 1434 1116 1496 ideas
1137 1451 1174 1496 ao

130 1535 274 1597 notiones
296 1533 485 1596 evolventem
513 1534 696 1596 necessitate
725 1532 853 1614 quadam
874 1540 961 1595 vetus
995 1533 1173 1614 pantheismi

130 1634 295 1715 pariendum
330 1634 510 1707 incurrisse,
542 1634 593 1713 qui
614 1635 644 1694 in
665 1634 784 1713 scriptis
804 1634 1007 1714 Areopagitae
1031 1679 1039 1697 .
1064 1678 1073 1694 .
1095 1677 1102 1694 .
1125 1635 1173 1694 la-

129 1735 228 1798 tuerit.
253 1771 290 1786 -
313 1733 453 1796 Naturam
478 1738 608 1794 creatam
633 1739 785 1794 creantem
809 1750 879 1794 csse
909 1729 1015 1812 λόγον,
1043 1733 1173 1795 medium

130 1833 247 1898 scilicet
277 1833 355 1894 inter
387 1849 449 1894 non
484 1838 627 1894 creatam·
653 1838 805 1894 creantem
837 1833 964 1906 (Deum)
989 1837 1021 1892 et
1040 1838 1172 1894 creatam

130 1951 190 1996 non
214 1939 365 1995 creantem
390 1934 595 2009 (Creatorem)
623 1934 762 2013 positum.
814 1929 917 2012 ltaque
947 1932 1035 1994 deum
1063 1933 1171 1996 trinum

130 2051 201 2097 sese
232 2034 324 2097 Scoto
358 2049 427 2110 cum
458 2038 595 2094 creatura
622 2034 791 2096 miscuisse.
823 2068 863 2084 -
893 2032 1051 2095 creantem
1073 2040 1171 2096 autem

129 2135 227 2196 creari
247 2141 382 2196 naturam
404 2134 474 2195 ideo
497 2134 534 2194 ab
557 2132 691 2214 Erigena
715 2133 840 2214 doceri,
872 2132 941 2212 quia
961 2134 1043 2196 Deus
1063 2150 1171 2214 super·

130 2235 298 2298 essentialis
322 2241 352 2298 et
385 2233 665 2316 superqnalitativus
695 2232 764 2296 dum
784 2250 823 2296 ex
845 2223 1020 2297 aonamasia
1042 2235 1072 2297 in
1093 2251 1171 2316 pan-

129 2336 325 2398 tonomasiam
345 2351 399 2416 per
420 2334 619 2417 theophanias
643 2335 728 2414 quasi
750 2333 906 2415 procedat,
921 2351 976 2416 per
997 2335 1075 2398 hanc
1095 2352 1171 2416 pm-

129 2439 297 2498 cessionem
335 2442 498 2515 (quatenus
527 2452 582 2516 per
613 2434 759 2502 ideas..
784 2452 884 2498 .sese
915 2435 1061 2516 explicet)
1092 2453 1169 2517 quo-

129 2536 287 2602 dammodo
311 2537 411 2599 omnia
433 2536 465 2598 in
488 2534 627 2598 omnibus
649 2533 785 2610 fiat2t).“
807 2569 849 2584 -

208 2635 417 2699 ‘Adiiciontur
449 2635 497 2696 his
534 2635 607 2714 ipsis
640 2633 781 2708 nonnulla
804 2633 1027 2696 ern-Goerresio
1054 2634 1092 2696 de
1114 2650 1168 2696 re-

128 2735 189 2798 ditu
209 2729 339 2797 omnium
359 2751 460 2796 rerum
481 2735 511 2795 in
533 2733 642 2810 deum3
664 2751 741 2814 quae
764 2736 894 2814 quidem,
915 2752 1003 2815 quum
1018 2734 1078 2796 hoo
1098 2733 1166 2796 ioc'o

127 2837 234 2900 nullius
254 2835 314 2898 sint
332 2835 485 2909 momenti,
506 2833 771 2913 praetermittenda
794 2851 863 2897 esse
886 2836 1129 2898 existimavimus.

209 2934 328 2998 Deinde
350 2935 542 2998 Schiuetems
563 2933 746 3022 totamimnc
766 2935 921 2998 Goerresii
941 2936 1165 2998 accusationem

125 3033 172 3096 his
207 3034 309 3097 verbis
339 3033 565 3115 comprehendit
598 3045 643 3114 [p.
674 3033 989 3116 XVI.):·„tErigena)
1009 3033 1165 3116 pontheis-

124 3153 204 3198 mum
227 3135 388 3216 profitetur
423 3152 511 3215 quum
542 3131 648 3215 λόγον,
677 3135 773 3197 Deum
803 3135 911 3218 filium,
937 3141 1164 3200 emanantema

123 3239 221 3315 patra,
241 3239 408 3298 creaturam
433 3234 527 3313 putris
547 3249 619 3296 esse
641 3230 799 3296 affirmet.“
820 3268 858 3280 -

475 3443 478 3452 ,
587 3407 614 3476 p.
647 3396 698 3462 45.

201 3531 269 3595 Hoc
294 3539 392 3596 autem
421 3539 510 3616 pacto
541 3533 719 3616 depravatus
740 3539 829 3616 atquo
850 3531 999 3596 mutilatus
1022 3531 1161 3595 Goerre-

151 3806 198 3878 28)
225 3787 264 3860 En
284 3807 418 3860 Goerresii
429 3810 562 3862 sententia
579 3808 752 3862 Schlueterus
769 3805 822 3858 hoc
836 3806 1072 3874 scriberedebuit:
1087 3807 1161 3872 „Na-

226 3903 310 3947 turam
332 3904 448 3946 creatam
471 3906 604 3960 creantem
625 3894 711 3966 λόγον
728 3911 785 3946 esse
803 3893 865 3945 ideo
876 3893 910 3944 ab
930 3895 1042 3964 Erigone
1061 3894 1161 3956 doceri,

224 3983 299 4052 quod
319 3983 434 4053 Erigeua
452 3983 587 4047 docuerit,
615 3984 694 4034 eleum
715 4001 747 4034 ex
766 3984 920 4033 eonomesia
938 3984 965 4034 in
984 3991 1162 4052 pantonoma-

223 4072 289 4120 siam
316 4087 366 4140 per
394 4071 571 4142 theophanias
582 4069 741 4140 procedere,
759 4086 810 4119 mee
827 4085 882 4120 non
904 4069 955 4120 dici
972 4085 1060 4138 posse,
1078 4067 1158 4120 deum

223 4173 273 4227 per
289 4157 359 4212 hanc
377 4161 576 4231 processionem
597 4165 703 4224 ,memet
721 4160 809 4229 ipsum
830 4165 949 4210 creare.“
969 4185 1003 4198 -
