3014 4950
330 489 348 548 Q
378 547 381 551 .

328 669 507 744 Scotusur‘
536 667 689 744 Pardulae,
711 669 869 747 episcopus
882 667 1098 748 laudunensis,
1123 673 1172 752 qui
1190 669 1366 737 itemNostri

328 770 509 831 mentionem
531 769 619 845 lacit,
655 769 794 846 „Scotum
818 769 919 831 illum“
942 771 1005 848 ait,
1040 773 1113 851 „qui
1138 780 1184 836 est
1205 775 1234 835 in
1257 773 1366 854 palatio

326 871 409 950 regis
431 867 546 943 (Caroli
568 868 667 944 Calvi)
691 868 831 930 loannem
855 871 975 932 nomine
997 873 1130 934 scribere
1151 877 1366 956 coegimusijt‘

325 969 407 1031 Idem
428 969 515 1049 plane
540 969 577 1030 de
598 987 635 1030 eo
657 969 821 1048 allirmant,
858 972 907 1052 qui
936 972 1171 1054 „Sootigenam“
1192 976 1287 1055 ipsum
1308 994 1364 1056 ap-

325 1069 443 1150 pellant.
489 1069 523 1130 lli
546 1075 614 1130 sunt
635 1070 818 1148 Hinemarus,
839 1070 1082 1153 archiepiscopus
1105 1074 1311 1155 hemensislt,
1334 1083 1365 1138 et

323 1169 501 1232 Anastasius
524 1168 766 1232 bibliothecarius
776 1175 816 1246 ⁵).

402 1269 501 1343 'Quum
533 1271 625 1349 igitur
657 1270 786 1332 loannes
817 1277 921 1332 noster
948 1270 1037 1334 luerit
1056 1273 1178 1334 natione
1201 1273 1308 1336 Scotus
1332 1279 1362 1334 el

324 1369 362 1430 de
384 1369 448 1430 eius
469 1373 563 1448 patria
585 1369 641 1430 hae
663 1371 767 1430 sallem
791 1370 821 1430 in
837 1387 877 1431 re
901 1387 1006 1432 omnes
1030 1373 1236 1446 consentiant,
1267 1370 1360 1434 luisse

322 1487 388 1530 eam
414 1470 443 1529 in
465 1469 522 1530 illis
544 1469 659 1542 insulis,
682 1487 758 1549 quae
776 1486 792 1530 a
810 1469 897 1531 nobis
913 1470 1039 1552 Magnae
1053 1470 1223 1534 Britanniae
1239 1473 1359 1534 nomine

321 1569 524 1648 appellantur,
561 1570 626 1630 sine
655 1567 928 1642 alladobitatione
957 1570 1015 1632 hoc
1041 1571 1268 1633 concedendum
1289 1587 1358 1634 esse

318 1675 472 1750 putamus,
508 1675 615 1748 sponte
650 1671 750 1749 sequi,
787 1677 819 1731 ut
848 1671 878 1731 in
905 1669 1020 1732 illarum
1039 1669 1165 1753 Magnae
1187 1671 1357 1733 Britanniae

317 1771 442 1851 partium
467 1769 562 1850 aliqua
581 1769 678 1830 locum
704 1771 832 1831 natalem
855 1771 992 1832 babuerit
1012 1771 1151 1846 loannes,
1172 1772 1203 1832 iu
1225 1790 1282 1853 qua
1302 1789 1357 1851 per

317 1889 383 1932 eam
405 1877 530 1933 aetatem
553 1871 635 1934 Scoti
654 1869 790 1932 homines
811 1870 915 1932 sedern
936 1870 1110 1934 habuerunt.
1149 1872 1232 1945 Quae
1255 1878 1355 1951 partes

315 1972 401 2034 luere
421 1973 554 2052 inprimis
576 1971 727 2047 Hibernia,
748 1972 858 2048 scotia,
882 1971 998 2034 Wallia.
1033 1973 1078 2034 Ile
1100 1973 1241 2034 Hibernia
1265 1979 1352 2051 atque

314 2073 415 2134 Sentio
436 2089 486 2133 res
507 2078 553 2134 est
575 2072 683 2148 notior,
707 2089 793 2150 quam
815 2077 845 2133 ut
865 2070 923 2133 ulla
945 2071 1143 2151 explicatione
1166 2071 1353 2152 indigeat⁶tr

314 2171 352 2232 de
374 2171 481 2232 Wallia
504 2172 606 2252 paucis
639 2171 796 2232 dicendum
827 2171 952 2233 ridetur.
995 2173 1058 2235 llao
1087 2174 1178 2254 igitur
1208 2174 1239 2233 in
1272 2179 1351 2234 terra
1378 2233 1393 2246 ,

313 2274 369 2334 etsi
390 2272 537 2348 homines,
559 2291 576 2334 a
599 2272 755 2333 Scotorum
777 2279 867 2352 gente
889 2273 1010 2347 diversi,
1044 2275 1192 2354 propriam
1218 2279 1350 2334 certam-

312 2389 370 2452 que
390 2369 603 2432 habitationem
629 2371 805 2446 obtinuere,
838 2377 937 2432 lamen
967 2390 1026 2434 una
1057 2392 1122 2435 cum
1153 2371 1237 2432 hisce
1259 2374 1349 2437 etiam

309 2470 417 2532 Scotos
437 2469 613 2530 consedisse
634 2477 721 2548 atque
746 2472 783 2529 iis
813 2472 1009 2550 temporibus,
1041 2472 1146 2553 quibus
1175 2471 1285 2533 Noster
1316 2472 1347 2532 in

309 2569 389 2632 hano
411 2569 506 2631 locem
531 2569 628 2631 editus
657 2578 720 2646 est,
753 2570 923 2650 habitasse,
958 2573 1131 2634 certissimis
1164 2575 1347 2654 argumentis

310 2667 400 2746 ducti,
425 2670 612 2732 statuendum
633 2687 701 2732 csse
724 2670 911 2733 arbitramur.
953 2672 1079 2735 Primum
1112 2673 1191 2734 enim
1224 2672 1271 2736 rel
1293 2690 1347 2752 per

317 2827 598 2838 mo·—

357 2915 387 2984 2)
408 2917 441 2966 el.
464 2915 567 2966 Natalis
588 2914 740 2964 Alexander
758 2915 786 2966 in
802 2913 866 2968 hiat.
887 2915 980 2968 eccles.
1001 2917 1084 2966 seculi
1106 2916 1139 2966 lX
1161 2924 1188 2968 et
1205 2917 1273 2980 Xml,
1291 2913 1346 2964 dis·

409 3012 472 3054 sert.
493 3003 556 3064 xlv,
576 3003 602 3065 δ.
621 3001 649 3051 4.
669 3003 696 3052 ia
716 3001 778 3052 fine.
799 3003 875 3054 Gale.
896 3003 915 3053 l.
936 3003 953 3054 l.
973 3007 1072 3055 testim.
1093 3021 1119 3072 p.
1139 3001 1156 3052 6
1174 3012 1201 3054 et
1217 3003 1243 3054 8.

354 3103 384 3173 3)
412 3105 446 3161 cf.
469 3105 545 3160 Gale.
564 3105 582 3154 l.
596 3106 615 3154 l.
634 3105 733 3155 testim.
754 3122 781 3174 p.
801 3105 826 3157 5.
865 3107 988 3176 Micipsa
1010 3107 1115 3158 Pardali
1138 3109 1212 3158 locus
1231 3121 1264 3154 ex
1283 3103 1343 3170 epi-

408 3193 477 3244 stola
504 3191 538 3242 ab
571 3210 603 3243 eo
630 3193 663 3243 ad
695 3194 834 3244 ecclesiam
863 3195 1068 3262 Lugdunensem
1093 3195 1191 3262 scripta
1209 3197 1296 3240 eistat
1314 3189 1342 3240 in

410 3268 610 3332 tibro'ecctes.
641 3263 722 3348 Logd.
754 3280 787 3330 de
813 3280 898 3332 tribus
926 3283 1101 3352 epistolis-
1121 3297 1181 3348 esp.
1210 3276 1253 3328 39·
1279 3275 1340 3327 Vitl.

405 3367 522 3418 Maxima
555 3367 683 3418 biblioth.
716 3375 769 3418 ret.
800 3377 906 3438 patrum
931 3399 966 3410 -
991 3369 1075 3420 editio
1103 3363 1288 3434 Lugdunensis
1306 3393 1341 3404 -

406 3463 472 3505 tom.
489 3455 545 3516 XV,
563 3472 590 3524 p.
612 3453 709 3506 688d.
731 3484 765 3494 -

350 3555 380 3624 4)
408 3558 441 3610 cf.
461 3557 565 3608 Hincrn.
587 3557 620 3608 da
637 3557 771 3626 praedest.
793 3557 837 3608 dei
858 3566 885 3609 et
904 3557 935 3608 de
954 3556 1042 3608 libero
1060 3554 1171 3607 arbitrio
1190 3573 1212 3606 e.
1226 3555 1270 3607 31.

353 3661 383 3728 5)
405 3660 437 3711 ci.
453 3661 552 3728 Fragor.
568 3662 700 3730 epistolae
717 3661 750 3712 ab
762 3663 900 3713 Anastasio
912 3655 945 3711 ad
960 3659 1085 3712 Carolum
1099 3659 1206 3714 Calvum
1217 3659 1342 3728 scriptae,

402 3747 474 3816 apud
494 3748 570 3799 Gale.
593 3749 610 3799 l.
626 3751 642 3799 l.
662 3749 760 3800 testim.
778 3766 804 3817 p.
825 3748 851 3802 8.

352 3847 382 3920 6)
402 3849 435 3905 ci.
446 3849 562 3904 Thenas
575 3851 676 3916 Moore,
690 3850 792 3919 history
804 3850 956 3904 oltreland.
967 3849 1029 3903 Vol.
1042 3852 1061 3916 Ι,
1082 3848 1187 3920 capili
1198 3857 1225 3901 et
1234 3847 1294 3899 Vll.
1305 3877 1339 3888 ·-

401 3938 497 3990 Isidori
519 3941 584 4007 orig.
606 3941 681 4002 xlv,
712 3939 769 3990 123.
802 3941 888 3990 Bedae
905 3939 1034 3992 Venerab.
1058 3939 1119 3989 hist.
1139 3939 1234 3988 eccles.
1254 3938 1341 4003 gentis

397 4027 543 4094 dnglorum
569 4029 596 4088 l,
626 4028 648 4076 1.
684 4026 827 4078 Mabillon.
855 4027 951 4078 dunel.
979 4026 1077 4096 Bened.
1105 4034 1170 4076 tom.
1192 4025 1208 4075 ·1
1235 4041 1262 4093 p.
1280 4021 1339 4076 206.

399 4115 532 4164 Nonrella
552 4112 679 4166 biblioth.
700 4113 747 4165 des
768 4123 876 4165 auteurs
895 4114 1039 4164 ecclesiast.
1061 4097 1109 4182 par
1127 4113 1185 4164 Mra
1207 4112 1235 4164 1..
1253 4111 1337 4163 Ellies

396 4201 432 4251 du
453 4201 510 4254 Pin.
529 4209 593 4254 tom.
615 4202 674 4266 vlt,
694 4219 721 4270 p.
743 4201 785 4265 77,
804 4209 868 4252 nota
882 4217 911 4262 a.
931 4229 965 4240 -
