3010 4946
309 467 548 530 88--

306 647 551 730 protendantur,
586 645 753 709 alliciantur
788 637 1050 728 „concordiqud,“
1077 653 1109 710 ιιι
1137 649 1177 710 ita
1203 649 1346 726 dicamus,

309 754 402 831 „pace
430 750 586 831 ligentur.“
640 748 714 812 Sunt
743 749 823 809 enim
855 747 932 828 apud
965 749 1087 812 Scotum
1118 747 1210 811 haec:
1240 749 1346 827 „Fides

310 848 459 912 catholica
495 866 532 910 ac
562 865 635 909 vera
665 851 742 910 ratio
776 848 894 926 latetur,
927 848 1014 910 deum
1049 867 1117 910 esse
1140 849 1293 928 inlinitum,
1316 856 1348 912 ct

308 950 389 1031 plus,
426 966 514 1029 quam
539 948 682 1010 inlinitum
713 948 864 1024 (inlinitas
894 948 974 1010 enirn
999 949 1180 1013 infinitorum
1213 956 1293 1027 est),
1317 957 1348 1012 el

309 1049 494 1130 simplicem,
517 1055 547 1110 et
568 1049 645 1129 plns,
666 1066 753 1130 quam
776 1049 939 1130 simplicem
960 1050 1106 1123 (omnium
1127 1050 1206 1112 enim
1232 1049 1347 1130 simpli-

309 1151 386 1214 cium
419 1149 591 1232 simplicitas
624 1155 692 1230 est).
742 1149 780 1213 Et
815 1169 882 1212 cum
913 1152 979 1230 ipso
999 1151 1071 1212 nihil
1092 1167 1162 1214 esse
1182 1151 1278 1214 credit
1298 1151 1348 1214 vel

307 1251 463 1334 intelligit3
483 1252 621 1332 quoniam
644 1253 709 1332 ipse
731 1258 777 1313 est
799 1252 926 1314 ambitus
946 1251 1092 1330 omnium,
1114 1258 1291 1333 quaesunt,
1317 1257 1348 1314 et

307 1371 385 1434 quae
408 1370 469 1414 non
500 1359 586 1433 sunt,
622 1359 652 1414 et
684 1369 761 1433 quae
794 1369 864 1415 csso
885 1359 1020 1434 possunt,
1043 1358 1073 1414 et
1095 1349 1173 1433 quae
1194 1371 1263 1414 esse
1284 1370 1348 1414 non

305 1460 442 1535 possunt,
467 1459 498 1514 et
536 1471 613 1535 quae
646 1454 676 1516 ei
704 1455 854 1517 contraria
877 1471 931 1517 seu
952 1455 1088 1535 opposita
1106 1451 1249 1523 videntur„
1268 1471 1349 1532 esse,

306 1561 337 1616 ιιι
359 1571 420 1640 non
445 1553 541 1616 dicam
561 1554 669 1616 similia
691 1561 721 1616 et
744 1554 908 1616 dissimilia.
949 1553 1003 1616 Est
1023 1557 1088 1634 ipse
1110 1553 1247 1618 similium
1262 1555 1348 1615 simi-

306 1653 399 1717 litudo
422 1661 452 1717 et
474 1655 659 1718 dissimilium
682 1653 889 1718 dissimilitudo
913 1657 1176 1735 oppositorumque
1199 1655 1346 1735 oppositio

307 1761 338 1818 et
357 1757 574 1820 contrariorum
599 1757 808 1820 contrarietas,
859 1757 942 1818 Haec
965 1757 1043 1817 enim
1065 1755 1187 1837 pulchra
1207 1754 1348 1820 ineffabi.

307 1859 386 1937 lique
408 1857 563 1921 harmonia
587 1859 618 1920 in
638 1877 696 1921 una
718 1857 882 1944 concordia
906 1856 1019 1938 colligit
1038 1863 1126 1938 atque
1142 1858 1295 1937 componit
1305 1857 1345 1934 ⁹).

308 1957 347 2036 (l,
366 1956 435 2034 74.)
457 1996 497 2010 -
520 1957 637 2021 Deinde
670 1958 709 2020 ad
740 1958 819 2020 hanc
848 1957 943 2038 ipsam
975 1956 1073 2040 illius,
1106 1975 1193 2037 quam
1216 1957 1347 2039 Erigena

306 2058 417 2136 statuit,
441 2055 562 2121 divinae
587 2057 899 2138 superessentialitatis
927 2056 1155 2138 explicationem
1176 2055 1208 2118 id
1228 2073 1347 2137 quoque

307 2159 446 2238 pertinet,
475 2156 555 2236 quod
587 2159 707 2237 saepius
739 2156 776 2238 (l,
803 2157 833 2236 3,
860 2155 948 2232 73.):
981 2155 1074 2236 „Esse
1107 2155 1274 2236 omnium,“
1295 2154 1346 2235 ait,

307 2264 370 2340 „est
389 2276 549 2338 superesse
575 2257 765 2320 divinitatis.“
1100 2255 1103 2266 '

388 2360 487 2440 Atque
519 2365 641 2439 propter
676 2358 722 2420 rei
756 2355 987 2438 magnitudinem
1009 2353 1088 2420 hune
1109 2372 1227 2436 quoque
1246 2355 1347 2416 locum

308 2459 505 2521 adiiciamus:
528 2458 637 2538 „Nemo
662 2464 719 2535 est,
742 2457 873 2537 quinon
896 2458 1036 2519 continuo
1049 2456 1205 2534 exclamet,
1224 2470 1346 2517 causam

307 2545 398 2622 totiu's
433 2558 637 2622 universitatis
664 2559 841 2619 creatricem
862 2558 1118 2640 supernaturalem
1151 2573 1220 2620 esse
1241 2562 1270 2618 et
1292 2573 1347 2618 su-

306 2658 554 2740 peressentialem
592 2665 622 2719 et
655 2675 745 2738 supra
778 2657 896 2737 omnia,
930 2677 1007 2740 quae
1029 2661 1111 2722 omni
1131 2675 1223 2722 sensu
1245 2656 1347 2738 perci-

307 2763 437 2844 piuntur,
460 2758 528 2820 dum
548 2759 586 2822 sit
606 2757 713 2820 horum
737 2760 866 2820 omnium
886 2759 1061 2840 principium
1087 2759 1206 2822 causale
1227 2762 1256 2819 et
1277 2767 1344 2816 me*

308 2859 389 2921 dium
421 2859 546 2938 implens
582 2858 743 2921 essentiale
775 2865 805 2922 et
834 2859 901 2924 finis
934 2875 1143 2925 consummans
1165 2892 1207 2906 -
1228 2863 1258 2917 et
1279 2871 1345 2916 am.

307 2959 387 3022 ltitus
410 2959 529 3038 omnia,
560 2976 637 3040 quae
668 2965 784 3023 suntet
804 2977 880 3042 quae
900 2979 961 3024 non
981 2967 1049 3024 sunt
1068 2955 1345 3022 circumscribens.“

309 3057 374 3138 (ιιι,
397 3064 451 3136 a).

775 3170 805 3269 s.
833 3193 880 3256 19.

392 3305 474 3367 Deus
495 3306 586 3386 igitur
605 3306 693 3372 hicce
721 3305 979 3389 superessentialis
999 3307 1040 3369 ita
1061 3307 1147 3388 quasi
1165 3322 1253 3385 supra
1277 3321 1346 3368 om-

310 3408 371 3485 nia,
392 3424 469 3487 quac
491 3414 578 3486 sunl,
611 3429 687 3490 quae
709 3411 893 3493 cogitantur,
922 3425 998 3490 quae
1020 3408 1126 3469 mentis
1148 3407 1243 3469 aciem
1268 3406 1346 3468 eliu-

310 3509 404 3589 giunt,
424 3514 470 3570 est
492 3510 686 3590 constitutus,
706 3517 738 3573 ut
761 3516 942 3589 cacunem,
976 3515 1113 3587 tanquam
1144 3508 1345 3571 universitatis

310 3607 459 3688 quoddam
479 3613 602 3692 corpus
619 3629 673 3676 sua
693 3611 825 3674 essentia
850 3608 1083 3690 complectatur,
1103 3645 1145 3659 -
1164 3627 1219 3674 sua
1239 3624 1345 3672 essen-

312 3795 613 3810 m

366 3915 396 3986 9)
416 3915 526 3986 Optimo
545 3917 624 3984 igitur
650 3916 706 3968 iure
728 3913 762 3966 dc
776 3913 856 3966 scoto
881 3915 981 3969 dictum
1002 3924 1126 3986 putamus
1144 3912 1213 3967 illud
1231 3901 1345 3963 schluc-

410 4002 461 4054 teri
481 4006 521 4072 (p.
540 4001 641 4072 Xlll.):
672 4003 789 4055 «Doctus
807 4003 936 4070 Hegelins
954 4005 1111 4066 dialectico,
1137 4011 1167 4055 ιιι
1195 3999 1247 4052 hoc
1263 4000 1346 4053 verbo

414 4097 528 4152 utamur,
559 4090 690 4144 monismo
719 4105 768 4144 suo
797 4093 949 4166 (perquam)
977 4091 1122 4146 multifarie
1141 4089 1271 4160 Erigonae
1290 4104 1346 4141 me-

408 4175 509 4228 moriae
527 4178 626 4232 allerto
643 4206 677 4219 -·
