3010 4946
279 429 283 442 '
328 411 386 511 aaa

324 645 469 706 neamus,
500 627 625 691 alteram
661 626 700 690 ad
733 625 814 690 hanc
843 627 1018 692 referamus.
1068 627 1151 704 flacc
1181 631 1314 694 enimet
1337 631 1369 692 io

323 721 409 791 libris
431 728 470 790 de
493 727 580 790 divis.
606 733 732 790 naturae
761 729 882 809 saepius
911 729 1041 792 occurrit
1060 731 1118 809 (ct.
1140 729 1176 806 V,
1199 730 1263 809 29),
1284 732 1369 794 etin

324 828 401 891 lihrc
424 829 462 890 de
489 827 640 909 praedest.
675 827 819 905 docetur,
849 847 907 892 nco
936 847 998 892 non
1025 830 1107 894 Scoti
1137 832 1305 894 sententiae
1328 832 1376 894 de.

323 935 451 1010 peccato
472 928 563 1011 louge
583 927 689 990 meiius
707 929 855 1010 congruit,
879 945 966 1008 quam
987 928 1049 991 illa.
1082 929 1137 1003 Qui
1161 930 1199 992 eh
1220 931 1268 1007 iis,
1290 947 1369 1010 quae

323 1047 397 1091 vere
427 1034 513 1105 sunt,
543 1027 692 1090 recedens
722 1027 761 1090 ad
785 1046 821 1092 ea
843 1029 949 1105 tendit,
970 1047 1047 1108 quae
1070 1047 1131 1092 nou
1149 1036 1230 1104 sunt,
1250 1037 1368 1111 peccat.

325 1130 420 1203 Quem
450 1129 540 1210 igitur
571 1128 642 1192 huic
664 1128 778 1191 homini
801 1128 957 1208 dolorem,
979 1130 1030 1208 qui
1052 1129 1172 1209 quidem
1192 1129 1249 1210 ipsi
1268 1130 1370 1194 utilior

325 1231 373 1308 sit,
395 1233 517 1294 inurere
538 1247 644 1309 queas,
667 1247 755 1310 quarn
777 1230 803 1291 si
825 1247 841 1292 a
862 1231 1092 1311 perversissimo
1110 1231 1167 1294 isto
1182 1237 1264 1294 motu
1285 1237 1370 1294 recte

326 1348 395 1396 cum
417 1349 454 1394 ac
476 1329 649 1412 simpliciter
673 1331 862 1411 prohibeas?

427 1433 491 1495 Nec
515 1438 613 1494 tamen
637 1433 720 1512 prior
739 1431 789 1495 iila
811 1433 959 1494 sententia
982 1438 1029 1493 est
1050 1431 1247 1514 negligenda:
1282 1449 1371 1494 nam-

327 1550 384 1618 que
407 1532 473 1595 soio
494 1531 572 1594 iliius
596 1531 708 1595 auxilio
729 1533 838 1597 Scotus
868 1532 906 1596 ad
929 1534 1129 1613 posteriorem
1149 1531 1290 1596 tuendam
1314 1547 1372 1593 ve-

326 1633 376 1696 let.
421 1635 516 1707 Quam
548 1651 613 1695 rem
641 1635 745 1714 paucis
775 1635 952 1713 aperiemus.
997 1631 1105 1713 impios
1127 1634 1218 1716 igitur
1238 1634 1370 1694 aeternis

326 1735 434 1816 poenis
456 1732 593 1796 affectum
627 1734 664 1798 iri
695 1734 805 1796 docuit.
859 1734 935 1796 iiiuc
957 1735 1126 1814 posteriore
1148 1733 1197 1795 ilia
1221 1734 1371 1794 sententia

328 1836 501 1913 constituta,
534 1840 641 1914 sponte
672 1834 815 1910 efficitur,
847 1834 913 1896 iore
934 1835 963 1896 in
988 1841 1155 1912 aeternum,
1177 1834 1227 1914 qui
1250 1833 1287 1898 ad
1309 1849 1370 1913 res,

327 1953 404 2016 quae
428 1952 490 1997 non
512 1952 582 1996 esse
606 1934 754 2012 dicuntur,
777 1933 937 2011 festinent,
972 1941 1061 2015 atque
1085 1934 1123 1998 ab
1146 1934 1205 1996 hoc
1227 1949 1371 2014 perverso

327 2042 410 2098 motu
432 2034 670 2117 quasivioleota
693 2053 782 2098 manu
804 2036 998 2098 retineantur.
1068 2035 1166 2098 Hasce
1189 2040 1287 2098 autem
1309 2049 1372 2110 res,

326 2144 360 2200 ut
392 2137 471 2199 infra
497 2135 681 2214 videbimus,
707 2135 838 2218 Erigena
868 2143 1013 2217 perpetuo
1042 2153 1198 2200 mansuras
1222 2152 1292 2196 csse
1312 2151 1373 2196 ne-
1405 2145 1412 2162 ·

326 2244 391 2320 gat,
414 2255 482 2300 num
508 2242 578 2318 post
613 2236 716 2315 ,huius
753 2236 894 2315 saecule,
918 2243 949 2298 ut
971 2239 1022 2316 ait,
1049 2237 1372 2316 ,consummationem

329 2373 370 2386 -
392 2351 453 2398 uon
486 2335 611 2416 amphos
643 2343 738 2400 erunt.
797 2337 874 2411 Quid
897 2336 995 2398 inde?
1029 2336 1209 2414 Simulatque
1234 2335 1302 2396 iliae
1322 2351 1374 2398 res

327 2453 498 2514 evanuere,
530 2452 621 2514 nemo
653 2444 736 2499 certe
766 2438 889 2517 impios,
921 2437 970 2518 qui
1000 2436 1124 2517 amplius
1153 2435 1191 2497 ad
1221 2453 1276 2498 eas
1298 2453 1376 2515 pro-

326 2544 412 2623 peret
434 2544 484 2600 aut
506 2538 544 2600 ab
565 2539 603 2600 iis
618 2537 772 2618 prohiberi
790 2540 897 2618 possit,
920 2538 1096 2617 reperietur.
1138 2537 1257 2600 Poenae
1281 2536 1374 2618 igitur

295 2650 298 2654 ’
329 2638 521 2706 cessabunt?
544 2673 585 2686 -
610 2637 694 2700 Hanc
716 2637 918 2700 difficultatem
940 2639 1023 2717 prior
1044 2639 1191 2699 sententia
1215 2634 1308 2703 toiiit!

428 2739 527 2820 Atque
549 2745 596 2800 est
629 2745 807 2819 praetcrea,
836 2739 886 2800 ubi
907 2739 1014 2802 Scotus
1038 2738 1077 2800 itu
1101 2737 1265 2816 scripserit,
1287 2732 1373 2817 quasi

327 2837 396 2902 sola
418 2855 517 2901 rerum
547 2839 712 2902 divinarum
747 2840 918 2918 ignorantia
954 2845 1041 2918 atque
1069 2839 1186 2900 inscitia
1206 2838 1313 2918 impios
1333 2834 1373 2897 sit

330 2939 501 3022 eruciatura
521 2939 575 3018 (V,
597 2939 635 3002 31
661 2930 722 3022 [ed.
748 2939 803 3002 Ox.
825 2957 853 3020 p.
878 2937 989 3014 9704).
1040 2937 1106 3000 Hoc
1130 2945 1212 2999 certe
1235 2935 1373 2998 omnihus

331 3040 547 3119 propemodum
579 3040 656 3102 iocis
693 3038 812 3121 iegitur,
832 3056 909 3120 quae
931 3057 981 3101 res
1004 3045 1034 3100 et
1057 3038 1243 3120 Hegeliauac
1262 3037 1374 3100 rationi

330 3139 554 3218 quodammodo
590 3141 800 3216 convenite),
831 3139 978 3201 honorum
1015 3139 1166 3201 hominum
1189 3138 1321 3218 praemia
1343 3140 1376 3201 in

332 3255 371 3302 eo
396 3257 466 3302 esse
489 3242 602 3320 posita,
633 3239 714 3322 quod
744 3257 855 3322 „verne
876 3241 948 3320 ipsis
971 3240 1087 3304 suturae
1107 3243 1166 3302 sint
1186 3238 1374 3318 contempla-

297 3393 302 3414 ,
333 3343 459 3418 tiones“,
483 3340 563 3421 quod
585 3359 674 3418 ,vera
695 3340 743 3402 dei
764 3340 1015 3421 contemplatione
1038 3341 1097 3402 sint
1118 3339 1263 3421 gavisuri,
1281 3355 1375 3419 *quum

332 3442 413 3520 impii
447 3442 613 3504 mortalium
644 3459 744 3504 rerum
785 3440 950 3522 phantasiis
985 3446 1213 3521 torqueantur.“
1254 3439 1313 3518 (V,
1335 3438 1374 3500 31

335 3539 421 3617 [iffi-
443 3559 471 3622 p.
489 3542 585 3622 97013
607 3543 643 3618 V,
656 3541 728 3615 39·)
746 3542 835 3604 Libro
859 3543 952 3621 primo
974 3549 1056 3622 (cap.
1068 3540 1116 3616 8.)
1139 3539 1265 3621 legimus
1286 3539 1376 3603 ctiam
1499 3535 1500 3570 r

334 3638 425 3702 haec:
461 3639 659 3720 ,Fciicitatem
688 3647 862 3702 moerorum
899 3639 975 3702 nihil
1010 3639 1095 3702 otuu
1130 3657 1200 3702 esse
1232 3645 1380 3718 putemus,

334 3746 455 3818 praeter
484 3741 577 3820 ipsius
620 3740 740 3802 divinae
774 3743 925 3804 essentiae
957 3758 1061 3821 puram
1095 3737 1377 3817 contemplationem

332 3843 423 3919 atque
444 3839 670 3903 immediatam<t
692 3879 732 3890 -

368 4052 423 4126 34)
440 4055 474 4108 ct.
496 4057 610 4120 Baitzer,
630 4059 751 4126 Beitriige
768 4055 1007 4120 aorVermittluug
1025 4052 1100 4106 eines
1118 4047 1248 4118 richtigen
1261 4052 1380 4107 Urtheiis

444 4143 512 4196 iiber
531 4144 741 4202 Karhohcnmur
754 4145 808 4200 und
826 4143 1069 4198 Protettuutismue.
1084 4137 1181 4190 Fuceie.
1200 4140 1220 4204 1,
1240 4138 1374 4209 p.9-·li.
1498 4115 1499 4154 ἒ
