3010 4946
1105 446 1162 510 loo

117 619 203 701 quod
225 621 255 684 in
279 619 336 682 liae
360 635 458 681 rerum
487 619 683 684 universitate
712 620 834 701 proprie
856 637 926 686 esse
947 621 1074 704 dicatur,
1088 631 1167 687 'nm-

118 724 203 784 nium
225 737 327 784 rerum
348 720 525 783 substantia.

589 891 609 959 s
642 881 693 970 nr,

206 1001 304 1063 Potuit
325 999 433 1081 igitur,
464 999 524 1064 imo
558 1016 632 1062 vero
655 1000 744 1062 etiam
766 1000 869 1064 debuit
892 1001 1010 1084 scotus,
1029 1003 1055 1066 si
1076 1003 1165 1084 haec,

122 1120 210 1182 quam
234 1102 337 1180 paucis
359 1098 580 1180 explicavimus,
605 1117 677 1161 vera
700 1101 764 1162 eius
785 1099 839 1162 luit
860 1104 1019 1182 sententia,
1049 1110 1166 1166 etcum

42 1261 44 1282 ,
122 1205 171 1278 iis,
192 1203 243 1283 qui
276 1199 493 1281 pantheismnm
523 1207 704 1282 sequuntur,
727 1221 816 1264 unam
841 1210 951 1265 tantum
973 1205 1003 1265 in
1029 1205 1166 1268 omnibus

123 1305 217 1366 rebus
250 1302 446 1364 substantiam
482 1307 632 1379 statuere,
661 1319 787 1383 eamque
811 1303 952 1382 divinum,
973 1310 1004 1366 et
1022 1320 1081 1374 unu
1108 1322 1166 1366 eo-

39 1445 62 1454 *-
121 1403 252 1482 demque
284 1394 419 1482 tempore
450 1421 516 1466 cum
548 1403 696 1466 communi
729 1403 893 1482 honrinum,
914 1405 963 1484 qui
987 1411 1071 1465 recte
1092 1421 1167 1464 sen-

121 1505 210 1578 tiunt,
233 1501 375 1580 loquendi
398 1519 454 1564 usu
478 1502 566 1582 deum
600 1519 779 1584 agnoscere,
802 1505 887 1566 cuins
908 1503 999 1565 sedes
1022 1503 1106 1583 quasi
1130 1522 1166 1564 ae

122 1602 309 1666 domicilium
329 1604 368 1664 sit
388 1619 478 1682 supra
502 1619 620 1664 omnem
654 1620 752 1664 rerum
774 1609 920 1682 naturam,
942 1606 992 1685 qui
1017 1605 1094 1668 hanc
1116 1611 1167 1676 to<

120 1712 182 1767 tam
207 1721 306 1766 rernm
327 1710 465 1766 naturam
488 1703 639 1770 creaverit
660 1720 773 1782 suaque
798 1707 942 1785 essentia,
970 1712 1002 1770 ut
1023 1706 1062 1768 ila
1080 1705 1166 1768 diea-

120 1822 211 1880 mus,
247 1804 475 1883 superemineat.
529 1803 619 1866 Modo
643 1821 682 1866 ne
704 1803 763 1866 hoe
786 1808 939 1885 expressis
962 1804 1065 1868 verbis
1087 1823 1166 1866 con-

121 1906 243 1982 tendat,
273 1903 621 1967 substantiam-divinam
642 1905 679 1966 ab
704 1922 806 1967 earum
831 1923 942 1984 rerum,
964 1923 1041 1985 quae
1064 1922 1082 1967 a
1106 1905 1164 1968 deo

125 2013 247 2068 creatae
271 2005 421 2086 dicantur,
442 2005 606 2068 substantia
627 2005 745 2084 penitus
768 2022 837 2086 esse
858 2007 1018 2070 diversam.

586 2181 615 2249 p.
645 2169 697 2232 49.
786 2159 788 2164 ’

210 2287 318 2372 Verum
352 2287 505 2352 enimvero
538 2293 650 2350 tantum
674 2287 780 2365 abest,
801 2291 849 2364 ut,
869 2287 950 2368 quod
970 2289 1082 2376 ultimo,
1095 2288 1164 2352 loco

125 2389 296 2468 posuimus,
325 2387 406 2450 ullibi
428 2389 458 2450 io
483 2388 566 2450 libris
588 2387 626 2450 de
648 2387 797 2450 divisione
820 2395 944 2450 naturae
966 2388 1166 2466 contenderit,

128 2496 160 2550 ut
179 2489 289 2570 ubique
325 2488 390 2550 lere
423 2506 478 2569 per
500 2488 567 2551 illos
600 2488 711 2568 libros,
733 2488 782 2552 vel
805 2488 884 2550 aliud
905 2491 1095 2572 egendum),
1118 2488 1166 2552 vel

125 2589 194 2652 data
214 2607 306 2670 opera
338 2606 393 2667 ea,
426 2607 502 2670 quae
525 2587 615 2651 modu
637 2590 741 2669 paucis
764 2588 980 2668 comprehensa
1002 2591 1167 2670 proposui-

127 2706 204 2766 mus,
226 2689 373 2769 doouerit‚
394 2705 430 2750 ac
450 2697 608 2768 praeterea
632 2688 864 2770 etiampluribus
884 2688 961 2752 loeis
983 2699 1063 2769 (sup.
1076 2689 1167 2767 §.38,

126 2789 149 2867 l,
170 2789 235 2866 tv.)
275 2795 380 2854 contra
412 2788 501 2866 illos,
531 2791 581 2872 qui
613 2789 733 2852 diversa
763 2789 910 2869 sentiant,
942 2791 1089 2852 acerrima
1111 2789 1166 2850 de.

124 2887 265 2951 lenderit.
781 2908 783 2913 ’

209 2988 262 3049 llla
294 3005 387 3068 vero,
421 3005 499 3069 quae
522 2989 592 3051 item
623 2989 661 3052 ab
691 2989 824 3072 Erigena
845 2987 950 3052 doceri
971 2995 1003 3051 et
1023 3004 1114 3070 posse
1138 2994 1169 3049 et

127 3087 240 3151 debere
261 3088 536 3167 animadvertimus,
556 3106 644 3167 ,esse
669 3088 718 3152 dei
741 3089 845 3152 sedem
869 3091 954 3171 quasi
980 3105 1016 3149 ae
1040 3087 1167 3150 domici-

125 3187 196 3250 lium
217 3206 307 3270 supra
343 3206 461 3250 omnem
493 3207 593 3251 rerum
619 3196 772 3252 naturam“
794 3225 835 3240 -
858 3206 945 3272 ,esse
967 3188 1053 3250 deum
1076 3190 1166 3250 totius

127 3305 226 3349 rerum
242 3294 367 3352 naturae
389 3295 527 3350 causam“
549 3325 588 3336 -
612 3271 845 3369 ,superemineri
876 3288 955 3351 hanc
977 3306 1076 3350 rerum
1096 3287 1167 3347 uni-

106 3391 298 3449 versitatem
323 3389 475 3472 essentiae
512 3388 631 3450 divinae
658 3387 839 3468 praestantia
848 3396 886 3467 ;“
914 3390 991 3450 haec
1012 3381 1113 3468 igitur,
1137 3391 1167 3448 et

127 3487 174 3550 his
194 3488 300 3552 similia
321 3489 352 3550 in
372 3489 455 3551 libris
476 3488 514 3550 de
536 3488 832 3562 divisionemalurae
854 3488 985 3570 pluribus
1012 3488 1090 3549 locis
1113 3505 1167 3548 re-

126 3591 267 3676 perimus.
318 3588 439 3669 Legitur
467 3589 546 3651 enim
573 3589 692 3668 saepius
714 3589 751 3669 (l,
772 3595 804 3663 3,
826 3589 844 3651 7
869 3597 964 3667 etc.):
986 3587 1070 3668 ,lpse
1093 3584 1166 3647 deus

128 3689 159 3750 in
182 3707 216 3751 se
238 3689 304 3770 ipso
325 3688 400 3750 vdtra
422 3707 540 3752 omnem
562 3695 729 3753 ereaturam
751 3689 831 3754 nullo
852 3689 1003 3752 intellectu
1026 3704 1167 3768 compre-

127 3855 427 3872 Μ

159 3965 205 4038 27)
235 3971 405 4041 Saepissime,
424 3971 524 4022 utalia
542 3977 685 4033 taceamus,
706 3972 804 4038 legitur
823 3969 960 4035 „mundus
988 3981 1027 4023 est
1046 3985 1078 4020 ex
1096 3965 1166 4019 deo“

227 4064 343 4127 atquae
363 4066 427 4112 sunt
453 4058 557 4127 generis
586 4058 714 4116 eiusdem.
735 4056 776 4113 Os.
797 4053 1166 4130 snp.§.10;dedlv·nut.

149 4229 152 4236 ,
228 4141 262 4208 Π,
281 4145 384 4202 itt-20
402 4155 430 4201 et
451 4154 507 4202 tcto
527 4145 584 4200 fere
606 4145 686 4197 libro.
707 4185 710 4192 ,
