3014 4950
322 466 363 529 60

404 650 553 714 Primitiae
576 648 710 712 Christus
730 651 878 712 reseravit
898 657 981 734 septa
1004 651 1133 733 sepulcri

466 751 595 814 Nostrae
615 749 744 812 Naturae
767 751 881 831 perdita
905 752 1075 814 restituens.

404 853 515 916 Harum
537 867 617 912 nuno
638 868 738 912 rerum
760 851 950 913 celebramur
972 851 1106 932 symbola
1128 868 1215 914 sacra

356 964 363 972 ·
410 1017 414 1023 ,
462 952 538 1013 Dum
559 956 666 1030 parcnt
689 951 795 1028 oculiS,
816 952 963 1014 mentibus
984 959 1054 1013 nota
1075 953 1167 1032 prius,

400 1053 477 1114 Dum
498 1067 607 1132 corpus
630 1049 748 1127 Christi,
771 1050 840 1114 dum
861 1051 941 1114 sacri
961 1052 1114 1132 sanguinis
1136 1052 1245 1114 undam
1362 1097 1363 1100 ,

461 1150 498 1213 Et
521 1153 647 1231 pretium
667 1149 770 1212 mundi
790 1167 875 1212 mens
899 1151 948 1232 pia
971 1151 1064 1212 corde
1085 1154 1173 1231 sapit,

396 1252 474 1313 Dum
496 1267 646 1312 memores
671 1267 796 1312 coenam
824 1251 936 1314 domini
957 1263 1136 1314 revocamus
1156 1251 1187 1314 in
1212 1267 1319 1330 annos,

463 1351 538 1413 Dum
560 1351 660 1433 plures
679 1352 754 1414 odas
776 1359 924 1417 consonat
942 1353 1008 1432 ipse
1029 1352 1150 1416 chorus.

395 1451 537 1514 Aeternis
556 1452 661 1532 epulis,
683 1469 757 1532 quas
778 1453 903 1532 mystica
924 1453 1012 1533 signa
1032 1453 1170 1534 figurant,

353 1591 356 1596 -
460 1551 602 1632 Digneris
626 1551 766 1615 Carolum
788 1569 915 1632 pascere
937 1552 1045 1616 Christi
1068 1557 1174 1618 tuum.“

397 1651 461 1713 lloo
481 1653 550 1714 item
573 1653 703 1733 pertinet
724 1651 809 1714 locus
831 1652 881 1714 illc
906 1652 943 1714 de
971 1669 997 1714 s.
1029 1651 1236 1737 Eucharistia‚
1271 1667 1358 1730 quem

314 1749 471 1813 Hocllerus
486 1755 542 1828 ¹⁰⁰]
565 1771 605 1814 ex
627 1754 841 1816 commentario
865 1752 994 1833 quodam
1015 1753 1054 1813 ad
1074 1750 1359 1835 Pseudo-Dionysii

312 1851 517 1933 Areopagitae
530 1851 728 1914 hierarchiam
744 1853 917 1932 coelestem,
937 1867 1024 1931 quem
1035 1852 1142 1916 Scotus
1155 1858 1259 1913 noster
1278 1851 1358 1912 scri-

311 1953 410 2032 psisse
432 1956 549 2030 putatur
565 1955 620 2026 ¹⁰⁵)
642 1950 771 2029 protulit.
815 1951 881 2029 lpse
912 1951 997 2012 locus
1028 1949 1077 2012 hic
1106 1958 1168 2012 est:
1203 1951 1360 2031 „Sequitur

312 2057 361 2131 „et
382 2052 412 2113 in
435 2068 525 2114 unum
544 2051 838 2132 principationis¹⁰⁶p
867 2054 961 2131 ipsam
983 2051 1186 2113 divinissimae
1206 2052 1357 2125 Euchari-

312 2152 389 2214 stiae
410 2153 669 2232 assumptionem.“
693 2151 821 2228 Intuere,
840 2136 1081 2232 quampulchre,
1101 2169 1187 2232 qoam
1212 2167 1357 2233 expresse

310 2252 439 2313 asserit:
463 2251 608 2314 visibilem
629 2251 708 2312 hanc
729 2232 957 2328 Eucharistiam
975 2269 1061 2330 quam
1090 2251 1222 2333 quotidie
1248 2270 1354 2314 sacer.

312 2351 399 2412 dotes
421 2351 570 2414 ccclesiae
592 2353 622 2411 in
646 2350 732 2413 altari
756 2350 928 2412 conficiunt:
950 2350 1077 2431 typicam
1101 2369 1169 2414 esse
1185 2352 1355 2413 similitudi-

309 2470 377 2514 nem
400 2450 560 2530 spiritualis
581 2451 878 2530 principationis¹¹¹⁷p
902 2450 988 2530 Iesu,
1024 2468 1111 2531 quam
1139 2450 1266 2512 fideliter
1285 2450 1352 2511 solo

308 2551 461 2614 intellectu
473 2556 637 2632 gustamus,
661 2549 690 2613 h.
706 2567 733 2611 e.
750 2549 952 2631 intelligimus,
976 2552 1067 2632 inque
1083 2557 1204 2613 nostrae
1229 2556 1353 2612 naturae

309 2654 452 2738 interiora
472 2651 591 2713 viscera
622 2651 763 2712 sumimus
784 2649 823 2712 ad
844 2658 977 2714 nostram
1001 2652 1125 2714 salutem
1148 2657 1178 2714 et
1200 2649 1352 2731 spirituale

307 2754 523 2815 incrementum
561 2757 592 2812 ct
623 2748 803 2814 ineffabilem
836 2751 1063 2815 deificationem.
1109 2752 1233 2830 Oportet
1263 2763 1350 2825 ergo,
1438 2807 1442 2814 .

306 2854 410 2935 inquil,
429 2853 597 2914 humanum·
610 2851 738 2914 animum
761 2870 801 2914 cx
819 2853 1009 2916 sensibilibus
1027 2854 1117 2915 rebus
1132 2852 1162 2910 in
1177 2846 1350 2909 coelestium

307 2955 446 3017 virtutum
468 2952 687 3015 similitudinem
710 2959 741 3015 ct
759 2953 967 3033 aequalitatem
988 2949 1198 3014 ascendentem
1213 2942 1351 3007 arbitrari

309 3055 523 3116 divinissimam
554 3047 780 3115 Eucharistiam¹
799 3053 945 3114 visibilem
969 3055 999 3112 in
1021 3048 1162 3116 ecclesia¹
1175 3044 1350 3108 conforma-

308 3159 368 3216 tam
387 3155 515 3216 maxime
538 3160 637 3234 typum
661 3171 729 3216 esse
757 3151 992 3232 participationis
1007 3155 1062 3225 ¹⁰³)
1086 3149 1194 3230 ipsius,
1228 3162 1285 3225 qua
1319 3150 1349 3205 et

307 3269 387 3315 nunc
406 3253 616 3334 participamus
636 3253 732 3316 lesum
753 3269 807 3333 por
827 3251 915 3342 iidem
937 3255 967 3311 ct
986 3249 1017 3311 in
1037 3250 1134 3311 intero
1146 3249 1202 3324 109)
1223 3247 1349 3329 partici-

324 3509 387 3579 104)
414 3509 465 3560 Dia
484 3508 632 3562 deutschen
654 3509 757 3578 Pipsto.
777 3504 897 3558 Abtheil.
918 3505 952 3567 ll,
970 3522 998 3574 p.
1013 3503 1056 3556 80.

325 3613 388 3678 105)
414 3613 455 3664 Cl.
474 3613 523 3665 int.
544 3631 601 3684 cap.
623 3613 660 3664 VI
677 3620 743 3663 extr.
766 3609 800 3662 dc
821 3611 925 3680 scriptis
944 3609 1073 3676 Erigonae
1091 3607 1190 3660 dubiis.
1217 3605 1345 3674 Nrorlll.

325 3716 389 3785 106)
408 3717 531 3782 Videtur,
549 3714 692 3785 legandum
710 3730 766 3765 erse
785 3692 1095 3784 „participationisssCh
1113 3711 1164 3764 ini.
1184 3717 1241 3764 not.
1262 3705 1321 3760 108.

325 3819 389 3884 107)
411 3819 451 3870 Cf.
470 3837 529 3891 nup.
548 3829 605 3871 not.
629 3816 687 3870 100.

319 3921 383 3990 108)
411 3919 458 3974 Ex'
471 3923 512 3974 liis
530 3924 596 3974 locis
616 3903 709 3991 patere
727 3920 841 3983 videtur,
861 3937 916 3990 quo
928 3921 993 3986 ¹iu'ro
1016 3935 1095 3989 supra
1114 3925 1170 3968 not.
1184 3911 1233 3967 100
1252 3913 1346 3979 legen-

409 4009 473 4060 ‹lunr
500 4025 558 4060 esre
582 4009 706 4061 arbitrati
732 4009 813 4060 simus
835 4009 883 4062 Pro
903 4005 1143 4079 ,‚principalionic“
1162 4033 1197 4047 -
1216 3998 1347 4071 „partici-

408 4097 553 4166 pationis.:‘

321 4182 384 4252 109)
410 4184 548 4249 ‚,luturo.“
