3010 4946
1137 442 1195 510 tet

151 623 207 686 aed
229 639 318 685 unum
340 623 411 700 sint,
434 619 630 684 interioribus
648 635 806 699 sempera
829 618 1035 699 superioribus
1057 636 1200 684 coneum·
1323 656 1326 662 ν

151 723 250 799 anatis,
273 736 336 782 nun
366 725 399 783 ut
427 737 489 782 nou
522 719 592 796 sint,
621 718 731 782 redut
752 736 842 780 unuin
865 719 940 795 sint)
967 725 1131 799 sequentur
1148 719 1200 782 alii

152 827 214 882 tres
235 820 426 882 ascensionis
454 819 588 901 gradus,
624 835 750 898 quorum
775 834 851 879 unus
882 823 929 879 est
947 819 1088 880 transitus
1109 821 1200 882 animi

152 920 185 980 in
205 920 376 980 seientiam.
394 919 546 994 emnium,
573 934 654 998 quae
686 923 757 996 pust
777 916 865 978 deum
887 922 966 994 sunt,
986 916 1139 981 secundus
1159 951 1201 968 -

153 1019 304 1080 scientiae
338 1018 374 1080 in'
401 1018 598 1098 sapientiam,
632 1017 663 1078 t.
697 1034 726 1078 e.
763 1016 1044 1096 conternptutiuuenr
1067 1017 1201 1078 intimam

153 1119 299 1195 veritatis,
320 1119 462 1198 quantun
478 1124 639 1180 ereatm
651 1115 838 1194 conceditur,
858 1116 975 1194 terune,
998 1116 1098 1198 quiet
1115 1133 1201 1177 eum·-

150 1234 221 1280 rnus
241 1257 282 1274 -
295 1218 582 1299 purgatissimarum
614 1205 781 1278 anirnururn
798 1216 834 1276 in
857 1217 953 1296 ipsum
981 1215 1068 1278 deum
1090 1229 1202 1296 super·-

151 1315 330 1386 naturaliter
352 1333 483 1379 eueaaue
503 1335 540 1378 ae
558 1315 653 1380 ueluti
674 1313 987 1397 inonnpretenettptis
1008 1321 1039 1376 et
1059 1316 1201 1378 inacces-

153 1414 363 1482 antuniana
396 1417 553 1494 tenebrae,
590 1415 620 1477 in
651 1415 758 1496 quibus
790 1431 902 1480 eaume
934 1415 1086 1478 alriniunttt
1104 1414 1151 1490 (h.
1172 1431 1202 1482 e.

154 1515 322 1576 electurum
348 1531 376 1577 a.
406 1515 664 1594 „detlieatunrrn‘tt
693 1515 949 1596 „absconduntur
988 1514 1118 1578 litturae
1140 1529 1204 1576 nex
1314 1547 1319 1554 ·

155 1615 236 1675 uieut
249 1612 315 1674 dies
336 1613 547 1676 illuminabitur
570 1615 601 1677 li.
622 1633 650 1676 e.
672 1615 876 1678 secretissima
898 1613 1040 1695 mysteria
1053 1614 1150 1676 beatis
1172 1619 1203 1675 et

156 1713 329 1774 ssuurinutis
352 1713 551 1776 intellectibus
572 1714 717 1778 inettauttt
744 1715 874 1794 quodaru
906 1715 999 1776 mede
1021 1715 1202 1793 aperientur.

155 1811 239 1886 'lune
252 1812 430 1892 perficietur
451 1812 601 1876 uetunarii
624 1814 741 1876 uulneri
764 1814 857 1876 veluti
878 1813 1111 1894 supernaturalis
1134 1812 1204 1874 cubi

155 1912 376 1990 parteettnstna
407 1913 556 1988 soliditas
589 1906 619 1976 in
648 1913 734 1975 cuiue
756 1919 828 1994 type
847 1919 951 1976 sentus
970 1912 1100 1976 titulatur
1120 1912 1205 1974 Paul-

157 2028 224 2072 inus
245 2011 414 2090 „Petimus
432 2012 528 2074 Dauid
550 2029 606 2092 per
628 2019 782 2074 octavae«
802 2047 842 2068 ,-
867 2012 1062 2077 Resurrectio
1084 2027 1205 2092 queque

157 2109 273 2173 aeunni
296 2128 357 2174 nun
390 2111 478 2174 aliurn
507 2112 547 2176 ult
568 2117 692 2174 causant
713 2117 824 2173 aeteva
845 2109 895 2172 die
916 2113 996 2174 lauta
1021 2117 1078 2188 est,
1095 2112 1154 2174 nisi
1174 2117 1206 2172 ut

162 2209 252 2272 beata
273 2211 322 2273 illu
358 2211 441 2285 ulta,
473 2229 553 2292 quae
583 2217 652 2292 pest
687 2212 887 2292 septenariam
922 2209 1011 2273 huius
1042 2211 1123 2274 uitae
1151 2226 1207 2290 per

158 2315 274 2388 septena
296 2311 373 2373 ‹ttee
392 2309 611 2390 revolutionem
642 2317 689 2374 eut
714 2311 815 2374 lutura
844 2317 914 2391 pust
933 2309 1037 2375 mundi
1060 2327 1206 2372 conmm-

159 2411 333 2489 nationem,
364 2413 491 2492 rapetiee
518 2412 757 2492 sentientem,
793 2409 913 2492 quanm
937 2410 1064 2474 humana
1086 2413 1205 2487 naurat

158 2514 191 2568 ut
213 2509 426 2588 praediximus,
447 2513 586 2572 insuurn
607 2512 783 2590 principium
805 2529 859 2590 per
879 2513 1064 2571 octonariam
1092 2525 1207 2570 aseen-

159 2608 278 2669 siuuern
298 2608 431 2672 reditura
452 2611 503 2691 eit,
525 2611 692 2690 qunanan
715 2611 834 2690 quidem
855 2611 933 2672 intra
956 2617 1080 2672 naturae
1101 2609 1206 2670 mumi-

160 2722 232 2781 nue
269 2708 442 2775 ternarium·
465 2726 540 2775 veru
570 2711 837 2788 supernaturaliter
864 2715 896 2771 et
916 2707 1208 2789 superessentialiter

160 2804 238 2868 intr'a
270 2803 365 2883 ipsum
398 2805 504 2884 deuna,
535 2807 657 2886 nautio
688 2809 843 2889 quinarius
873 2814 1032 2870 creaturae
1064 2821 1207 2868 numerus

160 2903 295 2963 ternario
317 2907 466 2967 ereptoris
487 2906 677 2986 adunabitur,
697 2909 736 2970 ita
760 2911 844 2972 utin
865 2907 946 2970 nullo
971 2913 1125 2987 appareat,
1148 2905 1207 2968 atsi

157 3001 246 3074 ,solus
269 3002 355 3082 deus,
384 3005 634 3084 quenadmodum
657 3007 686 3072 in
708 3012 781 3074 aare
802 3011 961 3090 purissime
985 3009 1026 3070 nil
1047 3006 1125 3071 aliud
1147 3007 1208 3068 niai

161 3103 227 3186 sula
250 3102 327 3166 tunt
370 3103 423 3181 (V,
453 3105 503 3170 39.
528 3143 569 3158 -
593 3107 637 3173 ct
660 3107 697 3186 V,
718 3111 748 3186 8,
771 3108 820 3188 16,
845 3111 979 3186 ult-tt,
1004 3109 1059 3185 tt,
1081 3107 1119 3172 95
1145 3106 1206 3190 [ed.

162 3199 219 3262 Ox.
242 3219 272 3280 p.
297 3201 396 3291 2543,
414 3203 453 3265 ad
485 3223 575 3299 quent
595 3205 693 3270 lucum
715 3208 943 3272 transterendus
959 3215 1011 3280 ‚est
1034 3207 1120 3272 loeus
1142 3210 1207 3286 qui.

162 3299 231 3363 dant
254 3300 307 3373 tit„
329 3301 378 3381 tv,
404 3305 441 3368 14
461 3305 496 3388 (l.
518 3305 538 3370 Ι.
564 3324 591 3386 p.
619 3303 719 3388 19th
741 3307 782 3370 36
805 3307 837 3387 [Ι.
859 3307 878 3371 l.
901 3326 928 3390 p.
953 3307 1145 3392 tut-teup,
1165 3306 1205 3370 ut

161 3398 194 3483 [l.
217 3399 236 3469 l.
259 3418 287 3486 p.
312 3401 504 3492 tut-tull,
526 3405 567 3470 38
589 3404 619 3494 [l.
644 3405 663 3470 l.
686 3425 715 3489 p.
737 3408 810 3488 3⁰1,
831 3409 1038 3490 (tue-3091).
1063 3444 1100 3458 -

526 3635 795 3660 -v-v-—u—a-wut

262 3947 518 4029 Experttatpttua
535 3949 745 4030 iteratione,
765 3954 853 4035 quale
873 3956 914 4018 sit
933 3955 1074 4019 libroruin
1098 3957 1136 4019 de
1159 3959 1207 4021 ‹li-

164 4043 283 4115 viaipnu
305 4044 673 4131 ttautraa'argutuentunt,
695 4071 786 4135 super
803 4053 972 4120 disserendi
995 4057 1208 4122 demonstran-

164 4141 256 4227 dique
278 4147 335 4226 uia,
357 4168 444 4235 quum
467 4151 576 4219 Suetus
597 4162 703 4221 nester
723 4158 753 4220 in
777 4157 814 4220 lis
835 4166 1011 4242 persecutus
1031 4167 1094 4240 est,
1119 4177 1207 4256 quum
