<?xml version="1.0" encoding="UTF-8"?>
<!DOCTYPE html PUBLIC "-//W3C//DTD XHTML 1.0 Transitional//EN"
    "http://www.w3.org/TR/xhtml1/DTD/xhtml1-transitional.dtd">
<html xmlns="http://www.w3.org/1999/xhtml" xml:lang="en" lang="en">
 <head>
  <title>
</title>
<meta http-equiv="Content-Type" content="text/html;charset=utf-8" />
  <meta name='ocr-system' content='tesseract 3.04.00' />
  <meta name='ocr-capabilities' content='ocr_page ocr_carea ocr_par ocr_line ocrx_word'/>
</head>
<body>
  <div class='ocr_page' id='page_1' title='image "./deioannescotoer01unkngoog_0043.png"; bbox 0 0 3014 4950; ppageno 0'>
   <div class='ocr_carea' id='block_1_1' title="bbox 283 569 291 614">
    <p class='ocr_par' dir='ltr' id='par_1_1' title="bbox 14 517 291 690">
     <span class='ocr_line' id='line_1_1' title="bbox 283 569 291 614; baseline -0.004 0.029"><span class='ocrx_word' id='word_1_1' title='bbox 283 569 291 614; x_wconf 84' lang='lat'><em>.</em></span> 
     </span>
    </p>
   </div>
   <div class='ocr_carea' id='block_1_2' title="bbox 319 651 1366 1936">
    <p class='ocr_par' dir='ltr' id='par_1_2' title="bbox 322 651 1366 936">
     <span class='ocr_line' id='line_1_2' title="bbox 329 651 1366 736; baseline 0.004 -23"><span class='ocrx_word' id='word_1_2' title='bbox 329 669 383 714; x_wconf 91' lang='lat' dir='ltr'>sna</span> <span class='ocrx_word' id='word_1_3' title='bbox 407 651 596 713; x_wconf 78' lang='lat' dir='ltr'>irrevocabili</span> <span class='ocrx_word' id='word_1_4' title='bbox 619 653 806 716; x_wconf 88' lang='lat' dir='ltr'>contumacia</span> <span class='ocrx_word' id='word_1_5' title='bbox 830 693 870 706; x_wconf 87' lang='grc'><strong>-</strong></span> <span class='ocrx_word' id='word_1_6' title='bbox 892 691 932 702; x_wconf 93' lang='lat'>-</span> <span class='ocrx_word' id='word_1_7' title='bbox 954 659 985 714; x_wconf 92' lang='lat' dir='ltr'>ut</span> <span class='ocrx_word' id='word_1_8' title='bbox 1005 655 1156 734; x_wconf 91' lang='lat' dir='ltr'>improbos</span> <span class='ocrx_word' id='word_1_9' title='bbox 1177 653 1269 736; x_wconf 84' lang='lat' dir='ltr'>virgis</span> <span class='ocrx_word' id='word_1_10' title='bbox 1292 673 1366 717; x_wconf 86' lang='lat' dir='ltr'>cae-</span> 
     </span>
     <span class='ocr_line' id='line_1_3' title="bbox 324 751 1362 836; baseline 0.004 -22"><span class='ocrx_word' id='word_1_11' title='bbox 324 770 375 815; x_wconf 91' lang='lat' dir='ltr'>sus</span> <span class='ocrx_word' id='word_1_12' title='bbox 395 789 489 807; x_wconf 77' lang='lat'>--</span> <span class='ocrx_word' id='word_1_13' title='bbox 504 771 543 813; x_wconf 91' lang='lat' dir='ltr'>no</span> <span class='ocrx_word' id='word_1_14' title='bbox 564 751 630 814; x_wconf 89' lang='lat' dir='ltr'>aliis</span> <span class='ocrx_word' id='word_1_15' title='bbox 651 761 784 830; x_wconf 77' lang='lat' dir='ltr'>noceret,</span> <span class='ocrx_word' id='word_1_16' title='bbox 805 755 854 835; x_wconf 91' lang='lat' dir='ltr'>qni</span> <span class='ocrx_word' id='word_1_17' title='bbox 876 754 934 816; x_wconf 90' lang='lat' dir='ltr'>sibi</span> <span class='ocrx_word' id='word_1_18' title='bbox 954 755 1044 836; x_wconf 85' lang='lat' dir='ltr'>(ipsi)</span> <span class='ocrx_word' id='word_1_19' title='bbox 1064 755 1210 836; x_wconf 82' lang='lat' dir='ltr'>prodesse</span> <span class='ocrx_word' id='word_1_20' title='bbox 1232 757 1362 832; x_wconf 79' lang='lat' dir='ltr'>nolebat,</span> 
     </span>
     <span class='ocr_line' id='line_1_4' title="bbox 322 852 812 936; baseline -0.002 -20"><span class='ocrx_word' id='word_1_21' title='bbox 322 852 474 936; x_wconf 79' lang='lat' dir='ltr'>ergastulo</span> <span class='ocrx_word' id='word_1_22' title='bbox 497 859 543 914; x_wconf 91' lang='lat' dir='ltr'>est</span> <span class='ocrx_word' id='word_1_23' title='bbox 566 859 727 915; x_wconf 55' lang='lat' dir='ltr'>retrusus!</span> <span class='ocrx_word' id='word_1_24' title='bbox 751 887 790 904; x_wconf 86' lang='lat'>·-</span> <span class='ocrx_word' id='word_1_25' title='bbox 808 873 812 880; x_wconf 45' lang='lat'>¹·</span> 
     </span>
    </p>

    <p class='ocr_par' dir='ltr' id='par_1_3' title="bbox 319 954 1362 1542">
     <span class='ocr_line' id='line_1_5' title="bbox 404 954 1362 1034; baseline 0.003 -20"><span class='ocrx_word' id='word_1_26' title='bbox 404 954 487 1028; x_wconf 83' lang='lat' dir='ltr'>Quae</span> <span class='ocrx_word' id='word_1_27' title='bbox 509 971 606 1034; x_wconf 90' lang='lat' dir='ltr'>poena</span> <span class='ocrx_word' id='word_1_28' title='bbox 629 954 832 1017; x_wconf 89' lang='lat' dir='ltr'>miserandum</span> <span class='ocrx_word' id='word_1_29' title='bbox 866 955 896 1016; x_wconf 95' lang='lat' dir='ltr'>ln</span> <span class='ocrx_word' id='word_1_30' title='bbox 918 955 1037 1018; x_wconf 91' lang='lat' dir='ltr'>modum</span> <span class='ocrx_word' id='word_1_31' title='bbox 1060 955 1256 1018; x_wconf 85' lang='lat' dir='ltr'>Gotbcscalco</span> <span class='ocrx_word' id='word_1_32' title='bbox 1280 958 1362 1019; x_wconf 91' lang='lat' dir='ltr'>irro-</span> 
     </span>
     <span class='ocr_line' id='line_1_6' title="bbox 319 1053 1361 1135; baseline 0.003 -19"><span class='ocrx_word' id='word_1_33' title='bbox 319 1060 400 1135; x_wconf 78' lang='lat' dir='ltr'>gata,</span> <span class='ocrx_word' id='word_1_34' title='bbox 419 1055 522 1130; x_wconf 90' lang='lat' dir='ltr'>movit,</span> <span class='ocrx_word' id='word_1_35' title='bbox 541 1061 573 1115; x_wconf 92' lang='lat' dir='ltr'>nt</span> <span class='ocrx_word' id='word_1_36' title='bbox 592 1053 656 1117; x_wconf 88' lang='lat' dir='ltr'>fieri</span> <span class='ocrx_word' id='word_1_37' title='bbox 685 1053 773 1132; x_wconf 87' lang='lat' dir='ltr'>solet,</span> <span class='ocrx_word' id='word_1_38' title='bbox 806 1055 956 1116; x_wconf 90' lang='lat' dir='ltr'>bominum</span> <span class='ocrx_word' id='word_1_39' title='bbox 976 1062 1034 1118; x_wconf 92' lang='lat' dir='ltr'>tum</span> <span class='ocrx_word' id='word_1_40' title='bbox 1059 1059 1278 1118; x_wconf 80' lang='lat' dir='ltr'>miserationem</span> <span class='ocrx_word' id='word_1_41' title='bbox 1299 1064 1361 1119; x_wconf 92' lang='lat' dir='ltr'>tum</span> 
     </span>
     <span class='ocr_line' id='line_1_7' title="bbox 321 1145 1362 1234; baseline 0.004 -20"><span class='ocrx_word' id='word_1_42' title='bbox 321 1145 567 1234; x_wconf 76' lang='lat' dir='ltr'>invbgnationem.</span> <span class='ocrx_word' id='word_1_43' title='bbox 610 1155 677 1231; x_wconf 88' lang='lat' dir='ltr'>Ac,</span> <span class='ocrx_word' id='word_1_44' title='bbox 713 1155 739 1214; x_wconf 93' lang='lat' dir='ltr'>si</span> <span class='ocrx_word' id='word_1_45' title='bbox 773 1155 820 1216; x_wconf 91' lang='lat' dir='ltr'>coi</span> <span class='ocrx_word' id='word_1_46' title='bbox 854 1155 929 1216; x_wconf 93' lang='lat' dir='ltr'>baec</span> <span class='ocrx_word' id='word_1_47' title='bbox 959 1174 1011 1218; x_wconf 93' lang='lat' dir='ltr'>res</span> <span class='ocrx_word' id='word_1_48' title='bbox 1039 1157 1136 1219; x_wconf 90' lang='lat' dir='ltr'>minus</span> <span class='ocrx_word' id='word_1_49' title='bbox 1165 1158 1250 1218; x_wconf 88' lang='lat' dir='ltr'>cordi</span> <span class='ocrx_word' id='word_1_50' title='bbox 1271 1165 1362 1232; x_wconf 88' lang='lat' dir='ltr'>esset,</span> 
     </span>
     <span class='ocr_line' id='line_1_8' title="bbox 321 1255 1360 1336; baseline 0.002 -19"><span class='ocrx_word' id='word_1_51' title='bbox 321 1256 498 1318; x_wconf 88' lang='lat' dir='ltr'>exstiterunt</span> <span class='ocrx_word' id='word_1_52' title='bbox 518 1257 623 1317; x_wconf 90' lang='lat' dir='ltr'>summi</span> <span class='ocrx_word' id='word_1_53' title='bbox 647 1255 789 1336; x_wconf 72' lang='lat' dir='ltr'>theologi,</span> <span class='ocrx_word' id='word_1_54' title='bbox 810 1259 857 1336; x_wconf 89' lang='lat' dir='ltr'>qui</span> <span class='ocrx_word' id='word_1_55' title='bbox 881 1265 1065 1334; x_wconf 86' lang='lat' dir='ltr'>vererentur,</span> <span class='ocrx_word' id='word_1_56' title='bbox 1085 1277 1124 1318; x_wconf 89' lang='lat' dir='ltr'>ne</span> <span class='ocrx_word' id='word_1_57' title='bbox 1145 1259 1251 1320; x_wconf 88' lang='lat' dir='ltr'>iniuste</span> <span class='ocrx_word' id='word_1_58' title='bbox 1265 1257 1360 1319; x_wconf 83' lang='lat' dir='ltr'>lecis-</span> 
     </span>
     <span class='ocr_line' id='line_1_9' title="bbox 321 1355 1360 1440; baseline 0.003 -23"><span class='ocrx_word' id='word_1_59' title='bbox 321 1363 367 1418; x_wconf 88' lang='lat' dir='ltr'>set</span> <span class='ocrx_word' id='word_1_60' title='bbox 391 1355 586 1428; x_wconf 76' lang='lat' dir='ltr'>llinemarus,</span> <span class='ocrx_word' id='word_1_61' title='bbox 623 1357 703 1436; x_wconf 93' lang='lat' dir='ltr'>quod</span> <span class='ocrx_word' id='word_1_62' title='bbox 737 1357 927 1419; x_wconf 87' lang='lat' dir='ltr'>Gctbesoalci</span> <span class='ocrx_word' id='word_1_63' title='bbox 956 1359 1063 1439; x_wconf 87' lang='lat' dir='ltr'>placita</span> <span class='ocrx_word' id='word_1_64' title='bbox 1086 1358 1360 1440; x_wconf 78' lang='lat' dir='ltr'>praedestinatione</span> 
     </span>
     <span class='ocr_line' id='line_1_10' title="bbox 320 1455 905 1542; baseline 0 -24"><span class='ocrx_word' id='word_1_65' title='bbox 320 1471 425 1518; x_wconf 90' lang='lat' dir='ltr'>errore</span> <span class='ocrx_word' id='word_1_66' title='bbox 447 1455 556 1542; x_wconf 86' lang='lat' dir='ltr'>insecta</span> <span class='ocrx_word' id='word_1_67' title='bbox 579 1474 647 1518; x_wconf 89' lang='lat' dir='ltr'>esse</span> <span class='ocrx_word' id='word_1_68' title='bbox 670 1457 841 1518; x_wconf 87' lang='lat' dir='ltr'>indicasset.</span> <span class='ocrx_word' id='word_1_69' title='bbox 864 1493 905 1506; x_wconf 84' lang='lat'><em>-</em></span> 
     </span>
    </p>

    <p class='ocr_par' dir='ltr' id='par_1_4' title="bbox 320 1555 1360 1936">
     <span class='ocr_line' id='line_1_11' title="bbox 402 1555 1357 1637; baseline 0 -20"><span class='ocrx_word' id='word_1_70' title='bbox 402 1556 465 1618; x_wconf 89' lang='lat' dir='ltr'>Nee</span> <span class='ocrx_word' id='word_1_71' title='bbox 485 1555 626 1635; x_wconf 87' lang='lat' dir='ltr'>bercule,</span> <span class='ocrx_word' id='word_1_72' title='bbox 657 1574 853 1637; x_wconf 89' lang='lat' dir='ltr'>quaecunque</span> <span class='ocrx_word' id='word_1_73' title='bbox 875 1557 1004 1637; x_wconf 90' lang='lat' dir='ltr'>alioquin</span> <span class='ocrx_word' id='word_1_74' title='bbox 1023 1557 1216 1618; x_wconf 80' lang='lat' dir='ltr'>&#39;Gotbescalei</span> <span class='ocrx_word' id='word_1_75' title='bbox 1237 1563 1357 1619; x_wconf 88' lang='lat' dir='ltr'>senten.</span> 
     </span>
     <span class='ocr_line' id='line_1_12' title="bbox 320 1647 1360 1737; baseline 0.002 -20"><span class='ocrx_word' id='word_1_76' title='bbox 320 1656 359 1717; x_wconf 89' lang='lat' dir='ltr'>tia</span> <span class='ocrx_word' id='word_1_77' title='bbox 382 1655 452 1733; x_wconf 86' lang='lat' dir='ltr'>fnit,</span> <span class='ocrx_word' id='word_1_78' title='bbox 485 1657 633 1735; x_wconf 88' lang='lat' dir='ltr'>exipsius</span> <span class='ocrx_word' id='word_1_79' title='bbox 653 1647 771 1733; x_wconf 81' lang='lat' dir='ltr'>verbis,</span> <span class='ocrx_word' id='word_1_80' title='bbox 801 1657 907 1737; x_wconf 91' lang='lat' dir='ltr'>qnibns</span> <span class='ocrx_word' id='word_1_81' title='bbox 936 1676 1001 1718; x_wconf 90' lang='lat' dir='ltr'>eam</span> <span class='ocrx_word' id='word_1_82' title='bbox 1026 1657 1217 1737; x_wconf 83' lang='lat' dir='ltr'>llo&#39;guntinae</span> <span class='ocrx_word' id='word_1_83' title='bbox 1242 1657 1360 1737; x_wconf 81' lang='lat' dir='ltr'>synodo</span> 
     </span>
     <span class='ocr_line' id='line_1_13' title="bbox 320 1755 1359 1838; baseline 0.002 -22"><span class='ocrx_word' id='word_1_84' title='bbox 320 1757 496 1836; x_wconf 85' lang='lat' dir='ltr'>explicavit,</span> <span class='ocrx_word' id='word_1_85' title='bbox 525 1764 671 1837; x_wconf 90' lang='lat' dir='ltr'>qnatenus</span> <span class='ocrx_word' id='word_1_86' title='bbox 693 1757 843 1838; x_wconf 84' lang='lat' dir='ltr'>hodieque</span> <span class='ocrx_word' id='word_1_87' title='bbox 864 1763 999 1833; x_wconf 88' lang='lat' dir='ltr'>exstent,</span> <span class='ocrx_word' id='word_1_88' title='bbox 1030 1757 1088 1818; x_wconf 93' lang='lat' dir='ltr'>ullo</span> <span class='ocrx_word' id='word_1_89' title='bbox 1109 1755 1197 1838; x_wconf 87' lang='lat' dir='ltr'>paeto</span> <span class='ocrx_word' id='word_1_90' title='bbox 1222 1757 1359 1838; x_wconf 84' lang='lat' dir='ltr'>colliges,</span> 
     </span>
     <span class='ocr_line' id='line_1_14' title="bbox 320 1856 1359 1936; baseline 0.002 -20"><span class='ocrx_word' id='word_1_91' title='bbox 320 1874 396 1936; x_wconf 91' lang='lat' dir='ltr'>qnae</span> <span class='ocrx_word' id='word_1_92' title='bbox 417 1864 448 1918; x_wconf 92' lang='lat' dir='ltr'>et</span> <span class='ocrx_word' id='word_1_93' title='bbox 468 1857 644 1919; x_wconf 87' lang='lat' dir='ltr'>llincmarus</span> <span class='ocrx_word' id='word_1_94' title='bbox 667 1864 697 1919; x_wconf 88' lang='lat' dir='ltr'>et</span> <span class='ocrx_word' id='word_1_95' title='bbox 720 1857 858 1919; x_wconf 85' lang='lat' dir='ltr'>llabanus</span> <span class='ocrx_word' id='word_1_96' title='bbox 889 1856 929 1918; x_wconf 89' lang='lat' dir='ltr'>illi</span> <span class='ocrx_word' id='word_1_97' title='bbox 955 1857 1144 1934; x_wconf 88' lang='lat' dir='ltr'>tribuebant,</span> <span class='ocrx_word' id='word_1_98' title='bbox 1173 1861 1260 1936; x_wconf 89' lang='lat' dir='ltr'>atqne</span> <span class='ocrx_word' id='word_1_99' title='bbox 1292 1875 1359 1918; x_wconf 89' lang='lat' dir='ltr'>cnm</span> 
     </span>
    </p>
   </div>
   <div class='ocr_carea' id='block_1_3' title="bbox 285 1955 1359 2036">
    <p class='ocr_par' dir='ltr' id='par_1_5' title="bbox 285 1955 1359 2036">
     <span class='ocr_line' id='line_1_15' title="bbox 285 1955 1359 2036; baseline 0.001 -18"><span class='ocrx_word' id='word_1_100' title='bbox 285 1985 288 1992; x_wconf 96' lang='lat'>·</span> <span class='ocrx_word' id='word_1_101' title='bbox 318 1958 442 2036; x_wconf 79' lang='lat' dir='ltr'>synodis</span> <span class='ocrx_word' id='word_1_102' title='bbox 464 1957 526 2019; x_wconf 91' lang='lat' dir='ltr'>sois</span> <span class='ocrx_word' id='word_1_103' title='bbox 546 1957 577 2018; x_wconf 93' lang='lat' dir='ltr'>in</span> <span class='ocrx_word' id='word_1_104' title='bbox 599 1958 648 2017; x_wconf 92' lang='lat' dir='ltr'>illo</span> <span class='ocrx_word' id='word_1_105' title='bbox 672 1957 895 2018; x_wconf 90' lang='lat' dir='ltr'>damnaverunt.</span> <span class='ocrx_word' id='word_1_106' title='bbox 937 1955 1041 2019; x_wconf 86' lang='lat' dir='ltr'>Relert</span> <span class='ocrx_word' id='word_1_107' title='bbox 1073 1955 1150 2018; x_wconf 87' lang='lat' dir='ltr'>bae&#39;c</span> <span class='ocrx_word' id='word_1_108' title='bbox 1181 1957 1291 2032; x_wconf 87' lang='lat' dir='ltr'>verba,</span> <span class='ocrx_word' id='word_1_109' title='bbox 1328 1955 1359 2019; x_wconf 91' lang='lat' dir='ltr'>id</span> 
     </span>
    </p>
   </div>
   <div class='ocr_carea' id='block_1_4' title="bbox 316 2055 1360 2442">
    <p class='ocr_par' dir='ltr' id='par_1_6' title="bbox 316 2055 1360 2442">
     <span class='ocr_line' id='line_1_16' title="bbox 318 2055 1358 2138; baseline 0 -21"><span class='ocrx_word' id='word_1_110' title='bbox 318 2056 398 2136; x_wconf 90' lang='lat' dir='ltr'>qnod</span> <span class='ocrx_word' id='word_1_111' title='bbox 417 2056 477 2118; x_wconf 92' lang='lat' dir='ltr'>boc</span> <span class='ocrx_word' id='word_1_112' title='bbox 499 2055 568 2118; x_wconf 88' lang='lat' dir='ltr'>loeo</span> <span class='ocrx_word' id='word_1_113' title='bbox 591 2063 672 2121; x_wconf 88' lang='lat' dir='ltr'>certe</span> <span class='ocrx_word' id='word_1_114' title='bbox 692 2057 797 2118; x_wconf 90' lang='lat' dir='ltr'>summi</span> <span class='ocrx_word' id='word_1_115' title='bbox 819 2061 864 2118; x_wconf 88' lang='lat' dir='ltr'>est</span> <span class='ocrx_word' id='word_1_116' title='bbox 885 2057 1048 2133; x_wconf 89' lang='lat' dir='ltr'>momenti,</span> <span class='ocrx_word' id='word_1_117' title='bbox 1081 2058 1145 2138; x_wconf 93' lang='lat' dir='ltr'>ipse</span> <span class='ocrx_word' id='word_1_118' title='bbox 1173 2057 1358 2119; x_wconf 88' lang='lat' dir='ltr'>llinemarus.</span> 
     </span>
     <span class='ocr_line' id='line_1_17' title="bbox 316 2156 1358 2236; baseline -0.006 -17"><span class='ocrx_word' id='word_1_119' title='bbox 316 2157 345 2219; x_wconf 89' lang='lat' dir='ltr'>ls</span> <span class='ocrx_word' id='word_1_120' title='bbox 368 2158 445 2219; x_wconf 90' lang='lat' dir='ltr'>enim</span> <span class='ocrx_word' id='word_1_121' title='bbox 468 2159 498 2218; x_wconf 90' lang='lat' dir='ltr'>in</span> <span class='ocrx_word' id='word_1_122' title='bbox 520 2157 595 2220; x_wconf 91' lang='lat' dir='ltr'>libro</span> <span class='ocrx_word' id='word_1_123' title='bbox 618 2174 672 2219; x_wconf 90' lang='lat' dir='ltr'>sno</span> <span class='ocrx_word' id='word_1_124' title='bbox 694 2157 732 2220; x_wconf 90' lang='lat' dir='ltr'>de</span> <span class='ocrx_word' id='word_1_125' title='bbox 761 2156 1033 2236; x_wconf 87' lang='lat' dir='ltr'>praedestinatione</span> <span class='ocrx_word' id='word_1_126' title='bbox 1044 2161 1071 2232; x_wconf 84' lang='lat'>⁷)</span> <span class='ocrx_word' id='word_1_127' title='bbox 1096 2158 1171 2220; x_wconf 90' lang='lat' dir='ltr'>duas</span> <span class='ocrx_word' id='word_1_128' title='bbox 1202 2176 1218 2217; x_wconf 88' lang='lat' dir='ltr'>a</span> <span class='ocrx_word' id='word_1_129' title='bbox 1248 2157 1358 2219; x_wconf 85' lang='lat' dir='ltr'>Gotbc.</span> 
     </span>
     <span class='ocr_line' id='line_1_18' title="bbox 318 2257 1360 2338; baseline 0.003 -21"><span class='ocrx_word' id='word_1_130' title='bbox 318 2257 421 2319; x_wconf 90' lang='lat' dir='ltr'>scalco</span> <span class='ocrx_word' id='word_1_131' title='bbox 443 2259 473 2319; x_wconf 93' lang='lat' dir='ltr'>in</span> <span class='ocrx_word' id='word_1_132' title='bbox 494 2259 612 2338; x_wconf 80' lang='lat' dir='ltr'>synodo</span> <span class='ocrx_word' id='word_1_133' title='bbox 633 2257 806 2338; x_wconf 86' lang='lat' dir='ltr'>Mogontina</span> <span class='ocrx_word' id='word_1_134' title='bbox 831 2259 1010 2338; x_wconf 87' lang='lat' dir='ltr'>scriptiones</span> <span class='ocrx_word' id='word_1_135' title='bbox 1028 2259 1159 2338; x_wconf 71' lang='lat' dir='ltr'>prolatas</span> <span class='ocrx_word' id='word_1_136' title='bbox 1174 2275 1243 2320; x_wconf 90' lang='lat' dir='ltr'>esse</span> <span class='ocrx_word' id='word_1_137' title='bbox 1259 2259 1360 2335; x_wconf 89' lang='lat' dir='ltr'>docet,</span> 
     </span>
     <span class='ocr_line' id='line_1_19' title="bbox 318 2356 1358 2442; baseline 0.002 -24"><span class='ocrx_word' id='word_1_138' title='bbox 318 2375 443 2442; x_wconf 77' lang='lat' dir='ltr'>quarunt</span> <span class='ocrx_word' id='word_1_139' title='bbox 475 2357 567 2419; x_wconf 87' lang='lat' dir='ltr'>altera</span> <span class='ocrx_word' id='word_1_140' title='bbox 600 2357 654 2418; x_wconf 87' lang='lat' dir='ltr'>luit</span> <span class='ocrx_word' id='word_1_141' title='bbox 685 2356 771 2437; x_wconf 86' lang='lat' dir='ltr'>,fidei</span> <span class='ocrx_word' id='word_1_142' title='bbox 801 2357 838 2419; x_wconf 90' lang='lat' dir='ltr'>de</span> <span class='ocrx_word' id='word_1_143' title='bbox 871 2358 1146 2438; x_wconf 85' lang='lat' dir='ltr'>praedestinatione</span> <span class='ocrx_word' id='word_1_144' title='bbox 1175 2357 1358 2436; x_wconf 84' lang='lat' dir='ltr'>contessio,“</span> 
     </span>
    </p>
   </div>
   <div class='ocr_carea' id='block_1_5' title="bbox 267 2456 1358 2540">
    <p class='ocr_par' dir='ltr' id='par_1_7' title="bbox 267 2456 1358 2540">
     <span class='ocr_line' id='line_1_20' title="bbox 267 2456 1358 2540; baseline 0 -20"><span class='ocrx_word' id='word_1_145' title='bbox 267 2475 271 2488; x_wconf 73' lang='lat'><strong><em>¹</em></strong></span> <span class='ocrx_word' id='word_1_146' title='bbox 318 2458 411 2521; x_wconf 86' lang='lat' dir='ltr'>altera</span> <span class='ocrx_word' id='word_1_147' title='bbox 438 2456 570 2537; x_wconf 83' lang='lat' dir='ltr'>,libellus</span> <span class='ocrx_word' id='word_1_148' title='bbox 603 2457 641 2518; x_wconf 89' lang='lat' dir='ltr'>ad</span> <span class='ocrx_word' id='word_1_149' title='bbox 661 2457 890 2534; x_wconf 78' lang='lat' dir='ltr'>Babanom“⁸J:</span> <span class='ocrx_word' id='word_1_150' title='bbox 911 2458 989 2520; x_wconf 87' lang='lat' dir='ltr'>illam</span> <span class='ocrx_word' id='word_1_151' title='bbox 1010 2459 1100 2521; x_wconf 90' lang='lat' dir='ltr'>babet</span> <span class='ocrx_word' id='word_1_152' title='bbox 1121 2461 1285 2540; x_wconf 84' lang='lat' dir='ltr'>integram,</span> <span class='ocrx_word' id='word_1_153' title='bbox 1318 2477 1358 2520; x_wconf 88' lang='lat' dir='ltr'>ex</span> 
     </span>
    </p>
   </div>
   <div class='ocr_carea' id='block_1_6' title="bbox 313 2557 1384 3141">
    <p class='ocr_par' dir='ltr' id='par_1_8' title="bbox 313 2557 1384 3141">
     <span class='ocr_line' id='line_1_21' title="bbox 315 2557 1357 2639; baseline 0.001 -20"><span class='ocrx_word' id='word_1_154' title='bbox 315 2559 373 2621; x_wconf 88' lang='lat' dir='ltr'>bae</span> <span class='ocrx_word' id='word_1_155' title='bbox 393 2557 479 2620; x_wconf 82' lang='lat' dir='ltr'>allent</span> <span class='ocrx_word' id='word_1_156' title='bbox 500 2557 677 2639; x_wconf 83' lang='lat' dir='ltr'>fragmenta.</span> <span class='ocrx_word' id='word_1_157' title='bbox 726 2557 808 2620; x_wconf 89' lang='lat' dir='ltr'>Haec</span> <span class='ocrx_word' id='word_1_158' title='bbox 843 2575 916 2622; x_wconf 88' lang='lat' dir='ltr'>vero</span> <span class='ocrx_word' id='word_1_159' title='bbox 949 2559 1142 2622; x_wconf 85' lang='lat' dir='ltr'>Gotbescalei</span> <span class='ocrx_word' id='word_1_160' title='bbox 1172 2559 1265 2620; x_wconf 88' lang='lat' dir='ltr'>verbu</span> <span class='ocrx_word' id='word_1_161' title='bbox 1295 2575 1357 2620; x_wconf 92' lang='lat' dir='ltr'>non</span> 
     </span>
     <span class='ocr_line' id='line_1_22' title="bbox 317 2658 1355 2740; baseline -0.001 -20"><span class='ocrx_word' id='word_1_162' title='bbox 317 2659 473 2721; x_wconf 90' lang='lat' dir='ltr'>continent</span> <span class='ocrx_word' id='word_1_163' title='bbox 494 2658 642 2720; x_wconf 86' lang='lat' dir='ltr'>baeresim</span> <span class='ocrx_word' id='word_1_164' title='bbox 663 2658 977 2737; x_wconf 89' lang='lat' dir='ltr'>praedestinatianam.</span> <span class='ocrx_word' id='word_1_165' title='bbox 1031 2660 1135 2740; x_wconf 86' lang='lat' dir='ltr'>Neque</span> <span class='ocrx_word' id='word_1_166' title='bbox 1170 2659 1248 2720; x_wconf 91' lang='lat' dir='ltr'>enim</span> <span class='ocrx_word' id='word_1_167' title='bbox 1281 2677 1355 2720; x_wconf 91' lang='lat' dir='ltr'>con-</span> 
     </span>
     <span class='ocr_line' id='line_1_23' title="bbox 314 2757 1353 2839; baseline 0 -19"><span class='ocrx_word' id='word_1_168' title='bbox 314 2759 455 2837; x_wconf 92' lang='lat' dir='ltr'>tendunt,</span> <span class='ocrx_word' id='word_1_169' title='bbox 489 2757 741 2838; x_wconf 87' lang='lat' dir='ltr'>praedestinatam</span> <span class='ocrx_word' id='word_1_170' title='bbox 762 2775 831 2820; x_wconf 90' lang='lat' dir='ltr'>esse</span> <span class='ocrx_word' id='word_1_171' title='bbox 855 2777 872 2822; x_wconf 91' lang='lat' dir='ltr'>a</span> <span class='ocrx_word' id='word_1_172' title='bbox 895 2760 954 2822; x_wconf 92' lang='lat' dir='ltr'>deo</span> <span class='ocrx_word' id='word_1_173' title='bbox 977 2776 1071 2839; x_wconf 91' lang='lat' dir='ltr'>usqne</span> <span class='ocrx_word' id='word_1_174' title='bbox 1094 2759 1131 2820; x_wconf 91' lang='lat' dir='ltr'>ab</span> <span class='ocrx_word' id='word_1_175' title='bbox 1153 2760 1233 2820; x_wconf 93' lang='lat' dir='ltr'>omni</span> <span class='ocrx_word' id='word_1_176' title='bbox 1255 2765 1353 2820; x_wconf 89' lang='lat' dir='ltr'>acter-</span> 
     </span>
     <span class='ocr_line' id='line_1_24' title="bbox 313 2859 1352 2939; baseline -0.002 -17"><span class='ocrx_word' id='word_1_177' title='bbox 313 2861 404 2922; x_wconf 88' lang='lat' dir='ltr'>nitato</span> <span class='ocrx_word' id='word_1_178' title='bbox 439 2860 561 2920; x_wconf 90' lang='lat' dir='ltr'>alteram</span> <span class='ocrx_word' id='word_1_179' title='bbox 599 2859 747 2920; x_wconf 90' lang='lat' dir='ltr'>bominum</span> <span class='ocrx_word' id='word_1_180' title='bbox 779 2864 890 2938; x_wconf 82' lang='lat' dir='ltr'>partein</span> <span class='ocrx_word' id='word_1_181' title='bbox 925 2861 964 2922; x_wconf 92' lang='lat' dir='ltr'>ad</span> <span class='ocrx_word' id='word_1_182' title='bbox 984 2862 1061 2922; x_wconf 90' lang='lat' dir='ltr'>bene</span> <span class='ocrx_word' id='word_1_183' title='bbox 1081 2867 1223 2939; x_wconf 86' lang='lat' dir='ltr'>recteque</span> <span class='ocrx_word' id='word_1_184' title='bbox 1246 2861 1352 2922; x_wconf 91' lang='lat' dir='ltr'>viven-</span> 
     </span>
     <span class='ocr_line' id='line_1_25' title="bbox 314 2957 1353 3042; baseline -0.004 -20"><span class='ocrx_word' id='word_1_185' title='bbox 314 2961 401 3037; x_wconf 90' lang='lat' dir='ltr'>dum,</span> <span class='ocrx_word' id='word_1_186' title='bbox 433 2958 556 3024; x_wconf 89' lang='lat' dir='ltr'>alteram</span> <span class='ocrx_word' id='word_1_187' title='bbox 579 2959 617 3020; x_wconf 88' lang='lat' dir='ltr'>ad</span> <span class='ocrx_word' id='word_1_188' title='bbox 639 2959 715 3020; x_wconf 86' lang='lat' dir='ltr'>mole</span> <span class='ocrx_word' id='word_1_189' title='bbox 736 2977 884 3040; x_wconf 85' lang='lat' dir='ltr'>praveque</span> <span class='ocrx_word' id='word_1_190' title='bbox 916 2960 1083 3042; x_wconf 81' lang='lat' dir='ltr'>agendnm3</span> <span class='ocrx_word' id='word_1_191' title='bbox 1118 2958 1196 3022; x_wconf 88' lang='lat' dir='ltr'>illam</span> <span class='ocrx_word' id='word_1_192' title='bbox 1227 2957 1353 3040; x_wconf 87' lang='lat' dir='ltr'>proinde</span> 
     </span>
     <span class='ocr_line' id='line_1_26' title="bbox 318 3058 1384 3141; baseline -0.002 -18"><span class='ocrx_word' id='word_1_193' title='bbox 318 3060 357 3123; x_wconf 91' lang='lat' dir='ltr'>ad</span> <span class='ocrx_word' id='word_1_194' title='bbox 378 3061 578 3141; x_wconf 87' lang='lat' dir='ltr'>sempiternae</span> <span class='ocrx_word' id='word_1_195' title='bbox 599 3059 679 3122; x_wconf 89' lang='lat' dir='ltr'>vitae</span> <span class='ocrx_word' id='word_1_196' title='bbox 698 3058 929 3138; x_wconf 85' lang='lat' dir='ltr'>beatitudinem,</span> <span class='ocrx_word' id='word_1_197' title='bbox 964 3059 1042 3122; x_wconf 91' lang='lat' dir='ltr'>banc</span> <span class='ocrx_word' id='word_1_198' title='bbox 1070 3061 1109 3122; x_wconf 91' lang='lat' dir='ltr'>ad</span> <span class='ocrx_word' id='word_1_199' title='bbox 1130 3067 1282 3122; x_wconf 89' lang='lat' dir='ltr'>aeternam</span> <span class='ocrx_word' id='word_1_200' title='bbox 1305 3058 1320 3121; x_wconf 86' lang='lat' dir='ltr'>i</span> <span class='ocrx_word' id='word_1_201' title='bbox 1336 3093 1355 3108; x_wconf 87' lang='lat'><em>-</em></span> <span class='ocrx_word' id='word_1_202' title='bbox 1383 3111 1384 3114; x_wconf 63' lang='lat'>,</span> 
     </span>
    </p>
   </div>
   <div class='ocr_carea' id='block_1_7' title="bbox 262 3158 1355 3241">
    <p class='ocr_par' dir='ltr' id='par_1_9' title="bbox 262 3158 1355 3241">
     <span class='ocr_line' id='line_1_27' title="bbox 262 3158 1355 3241; baseline -0.002 -19"><span class='ocrx_word' id='word_1_203' title='bbox 262 3235 264 3239; x_wconf 21' lang='grc' dir='ltr'>Ι</span> <span class='ocrx_word' id='word_1_204' title='bbox 312 3166 397 3222; x_wconf 87' lang='lat' dir='ltr'>turae</span> <span class='ocrx_word' id='word_1_205' title='bbox 420 3161 500 3222; x_wconf 89' lang='lat' dir='ltr'>vitae</span> <span class='ocrx_word' id='word_1_206' title='bbox 520 3159 730 3222; x_wconf 90' lang='lat' dir='ltr'>calamitatem:</span> <span class='ocrx_word' id='word_1_207' title='bbox 754 3178 811 3240; x_wconf 91' lang='lat' dir='ltr'>qua</span> <span class='ocrx_word' id='word_1_208' title='bbox 830 3179 864 3223; x_wconf 91' lang='lat' dir='ltr'>re</span> <span class='ocrx_word' id='word_1_209' title='bbox 884 3161 960 3236; x_wconf 82' lang='lat' dir='ltr'>steri,</span> <span class='ocrx_word' id='word_1_210' title='bbox 981 3166 1014 3222; x_wconf 92' lang='lat' dir='ltr'>ut</span> <span class='ocrx_word' id='word_1_211' title='bbox 1034 3158 1106 3222; x_wconf 89' lang='lat' dir='ltr'>nibil</span> <span class='ocrx_word' id='word_1_212' title='bbox 1123 3178 1245 3241; x_wconf 92' lang='lat' dir='ltr'>prorsus</span> <span class='ocrx_word' id='word_1_213' title='bbox 1259 3159 1355 3222; x_wconf 86' lang='lat' dir='ltr'>libero</span> 
     </span>
    </p>
   </div>
   <div class='ocr_carea' id='block_1_8' title="bbox 316 3259 1356 3442">
    <p class='ocr_par' dir='ltr' id='par_1_10' title="bbox 316 3259 1356 3442">
     <span class='ocr_line' id='line_1_28' title="bbox 319 3259 1355 3323; baseline -0.003 -1"><span class='ocrx_word' id='word_1_214' title='bbox 319 3259 469 3322; x_wconf 89' lang='lat' dir='ltr'>bominum</span> <span class='ocrx_word' id='word_1_215' title='bbox 491 3259 614 3322; x_wconf 92' lang='lat' dir='ltr'>arbitrio</span> <span class='ocrx_word' id='word_1_216' title='bbox 644 3261 685 3322; x_wconf 91' lang='lat' dir='ltr'>sit</span> <span class='ocrx_word' id='word_1_217' title='bbox 714 3261 858 3323; x_wconf 89' lang='lat' dir='ltr'>relictum.</span> <span class='ocrx_word' id='word_1_218' title='bbox 902 3261 1114 3323; x_wconf 88' lang='lat' dir='ltr'>Demonstrant</span> <span class='ocrx_word' id='word_1_219' title='bbox 1145 3266 1250 3322; x_wconf 86' lang='lat' dir='ltr'>contra</span> <span class='ocrx_word' id='word_1_220' title='bbox 1281 3259 1355 3321; x_wconf 90' lang='lat' dir='ltr'>satis</span> 
     </span>
     <span class='ocr_line' id='line_1_29' title="bbox 316 3359 1356 3442; baseline 0 -22"><span class='ocrx_word' id='word_1_221' title='bbox 316 3366 438 3440; x_wconf 89' lang='lat' dir='ltr'>aperte,</span> <span class='ocrx_word' id='word_1_222' title='bbox 472 3359 560 3422; x_wconf 91' lang='lat' dir='ltr'>deum</span> <span class='ocrx_word' id='word_1_223' title='bbox 587 3359 724 3442; x_wconf 87' lang='lat' dir='ltr'>homines</span> <span class='ocrx_word' id='word_1_224' title='bbox 755 3361 861 3441; x_wconf 85' lang='lat' dir='ltr'>impios</span> <span class='ocrx_word' id='word_1_225' title='bbox 886 3361 1128 3440; x_wconf 85' lang='lat' dir='ltr'>praedestinasse</span> <span class='ocrx_word' id='word_1_226' title='bbox 1148 3360 1215 3422; x_wconf 90' lang='lat' dir='ltr'>illos</span> <span class='ocrx_word' id='word_1_227' title='bbox 1237 3359 1356 3440; x_wconf 90' lang='lat' dir='ltr'>quidem</span> 
     </span>
    </p>
   </div>
   <div class='ocr_carea' id='block_1_9' title="bbox 262 3439 1355 3540">
    <p class='ocr_par' dir='ltr' id='par_1_11' title="bbox 262 3439 1355 3540">
     <span class='ocr_line' id='line_1_30' title="bbox 262 3439 1355 3540; baseline -0.003 -19"><span class='ocrx_word' id='word_1_228' title='bbox 262 3439 289 3496; x_wconf 82' lang='lat'>¹.</span> <span class='ocrx_word' id='word_1_229' title='bbox 314 3458 352 3521; x_wconf 91' lang='lat' dir='ltr'>ad</span> <span class='ocrx_word' id='word_1_230' title='bbox 374 3466 515 3538; x_wconf 82' lang='lat' dir='ltr'>,mortem</span> <span class='ocrx_word' id='word_1_231' title='bbox 537 3461 777 3540; x_wconf 64' lang='lat' dir='ltr'>sempiternamt,</span> <span class='ocrx_word' id='word_1_232' title='bbox 801 3477 859 3521; x_wconf 88' lang='lat' dir='ltr'>nec</span> <span class='ocrx_word' id='word_1_233' title='bbox 878 3460 1022 3538; x_wconf 90' lang='lat' dir='ltr'>voluisse,</span> <span class='ocrx_word' id='word_1_234' title='bbox 1055 3468 1087 3523; x_wconf 93' lang='lat' dir='ltr'>ut</span> <span class='ocrx_word' id='word_1_235' title='bbox 1109 3460 1268 3540; x_wconf 90' lang='lat' dir='ltr'>,perpetim</span> <span class='ocrx_word' id='word_1_236' title='bbox 1291 3457 1355 3520; x_wconf 89' lang='lat' dir='ltr'>sal-</span> 
     </span>
    </p>
   </div>
   <div class='ocr_carea' id='block_1_10' title="bbox 312 3557 1352 3643">
    <p class='ocr_par' dir='ltr' id='par_1_12' title="bbox 312 3557 1352 3643">
     <span class='ocr_line' id='line_1_31' title="bbox 312 3557 1352 3643; baseline -0.005 -20"><span class='ocrx_word' id='word_1_237' title='bbox 312 3565 437 3623; x_wconf 83' lang='lat' dir='ltr'>ventur“</span> <span class='ocrx_word' id='word_1_238' title='bbox 458 3597 510 3638; x_wconf 89' lang='lat'>-,</span> <span class='ocrx_word' id='word_1_239' title='bbox 533 3559 588 3622; x_wconf 90' lang='lat' dir='ltr'>sed</span> <span class='ocrx_word' id='word_1_240' title='bbox 612 3566 752 3643; x_wconf 82' lang='lat' dir='ltr'>,propter</span> <span class='ocrx_word' id='word_1_241' title='bbox 771 3561 903 3640; x_wconf 89' lang='lat' dir='ltr'>ipsorum</span> <span class='ocrx_word' id='word_1_242' title='bbox 925 3561 1001 3622; x_wconf 90' lang='lat' dir='ltr'>mala</span> <span class='ocrx_word' id='word_1_243' title='bbox 1022 3562 1157 3638; x_wconf 83' lang='lat' dir='ltr'>merita“,</span> <span class='ocrx_word' id='word_1_244' title='bbox 1180 3559 1251 3624; x_wconf 89' lang='lat' dir='ltr'>ideo</span> <span class='ocrx_word' id='word_1_245' title='bbox 1272 3557 1352 3638; x_wconf 90' lang='lat' dir='ltr'>quod</span> 
     </span>
    </p>
   </div>
   <div class='ocr_carea' id='block_1_11' title="bbox 364 3797 1353 4060">
    <p class='ocr_par' dir='ltr' id='par_1_13' title="bbox 364 3797 1353 4060">
     <span class='ocr_line' id='line_1_32' title="bbox 364 3797 997 3872; baseline -0.008 -18"><span class='ocrx_word' id='word_1_246' title='bbox 364 3803 394 3870; x_wconf 89' lang='grc'>7)</span> <span class='ocrx_word' id='word_1_247' title='bbox 414 3805 446 3856; x_wconf 85' lang='lat' dir='ltr'>cf.</span> <span class='ocrx_word' id='word_1_248' title='bbox 468 3817 526 3872; x_wconf 82' lang='lat' dir='ltr'>cap.</span> <span class='ocrx_word' id='word_1_249' title='bbox 547 3803 573 3866; x_wconf 84' lang='lat'>5,</span> <span class='ocrx_word' id='word_1_250' title='bbox 592 3819 650 3871; x_wconf 84' lang='lat' dir='ltr'>cap.</span> <span class='ocrx_word' id='word_1_251' title='bbox 670 3800 713 3863; x_wconf 79' lang='lat'>21,</span> <span class='ocrx_word' id='word_1_252' title='bbox 734 3817 792 3869; x_wconf 85' lang='lat' dir='ltr'>cop.</span> <span class='ocrx_word' id='word_1_253' title='bbox 811 3797 854 3861; x_wconf 79' lang='lat'>24,</span> <span class='ocrx_word' id='word_1_254' title='bbox 874 3815 931 3869; x_wconf 84' lang='lat' dir='ltr'>cap.</span> <span class='ocrx_word' id='word_1_255' title='bbox 952 3799 997 3851; x_wconf 76' lang='lat' dir='ltr'>tt.</span> 
     </span>
     <span class='ocr_line' id='line_1_33' title="bbox 364 3902 1351 3976; baseline -0.008 -17"><span class='ocrx_word' id='word_1_256' title='bbox 364 3909 394 3975; x_wconf 82' lang='lat'>8)</span> <span class='ocrx_word' id='word_1_257' title='bbox 414 3906 474 3976; x_wconf 85' lang='lat' dir='ltr'>lpsa</span> <span class='ocrx_word' id='word_1_258' title='bbox 495 3905 665 3959; x_wconf 85' lang='lat' dir='ltr'>Gothescalci</span> <span class='ocrx_word' id='word_1_259' title='bbox 686 3904 778 3966; x_wconf 83' lang='lat' dir='ltr'>verba,</span> <span class='ocrx_word' id='word_1_260' title='bbox 796 3921 855 3956; x_wconf 81' lang='lat' dir='ltr'>evam</span> <span class='ocrx_word' id='word_1_261' title='bbox 877 3904 1003 3956; x_wconf 83' lang='lat' dir='ltr'>brevitati</span> <span class='ocrx_word' id='word_1_262' title='bbox 1023 3903 1129 3972; x_wconf 83' lang='lat' dir='ltr'>aliquid</span> <span class='ocrx_word' id='word_1_263' title='bbox 1140 3902 1255 3954; x_wconf 85' lang='lat' dir='ltr'>dandum</span> <span class='ocrx_word' id='word_1_264' title='bbox 1270 3909 1351 3964; x_wconf 80' lang='lat' dir='ltr'>esset,</span> 
     </span>
     <span class='ocr_line' id='line_1_34' title="bbox 410 3989 1353 4060; baseline -0.006 -16"><span class='ocrx_word' id='word_1_265' title='bbox 410 3993 562 4046; x_wconf 83' lang='lat' dir='ltr'>describere</span> <span class='ocrx_word' id='word_1_266' title='bbox 584 3991 729 4044; x_wconf 77' lang='lat' dir='ltr'>notuimus.</span> <span class='ocrx_word' id='word_1_267' title='bbox 766 3991 890 4044; x_wconf 86' lang='lat' dir='ltr'>Celerum</span> <span class='ocrx_word' id='word_1_268' title='bbox 913 3994 995 4044; x_wconf 84' lang='lat' dir='ltr'>eliam</span> <span class='ocrx_word' id='word_1_269' title='bbox 1013 3990 1085 4060; x_wconf 85' lang='lat' dir='ltr'>epod</span> <span class='ocrx_word' id='word_1_270' title='bbox 1107 3989 1193 4040; x_wconf 83' lang='lat' dir='ltr'>Nntnl.</span> <span class='ocrx_word' id='word_1_271' title='bbox 1214 3989 1289 4040; x_wconf 68' lang='lat' dir='ltr'>ntea.</span> <span class='ocrx_word' id='word_1_272' title='bbox 1311 4005 1353 4039; x_wconf 90' lang='lat' dir='ltr'>re-</span> 
     </span>
    </p>
   </div>
   <div class='ocr_carea' id='block_1_12' title="bbox 409 4074 1350 4237">
    <p class='ocr_par' dir='ltr' id='par_1_14' title="bbox 409 4074 1350 4237">
     <span class='ocr_line' id='line_1_35' title="bbox 409 4074 1350 4152; baseline -0.005 -21"><span class='ocrx_word' id='word_1_273' title='bbox 409 4081 560 4152; x_wconf 86' lang='lat' dir='ltr'>periuntur.</span> <span class='ocrx_word' id='word_1_274' title='bbox 596 4078 639 4130; x_wconf 84' lang='lat' dir='ltr'>Cf.</span> <span class='ocrx_word' id='word_1_275' title='bbox 667 4079 731 4130; x_wconf 50' lang='lat' dir='ltr'>Nat,</span> <span class='ocrx_word' id='word_1_276' title='bbox 760 4079 835 4130; x_wconf 81' lang='lat' dir='ltr'>Ater.</span> <span class='ocrx_word' id='word_1_277' title='bbox 866 4080 893 4132; x_wconf 87' lang='lat' dir='ltr'>in</span> <span class='ocrx_word' id='word_1_278' title='bbox 919 4080 981 4132; x_wconf 86' lang='lat' dir='ltr'>bist.</span> <span class='ocrx_word' id='word_1_279' title='bbox 1008 4079 1101 4128; x_wconf 84' lang='lat' dir='ltr'>eccles.</span> <span class='ocrx_word' id='word_1_280' title='bbox 1132 4093 1198 4128; x_wconf 83' lang='lat' dir='ltr'>saec.</span> <span class='ocrx_word' id='word_1_281' title='bbox 1227 4077 1260 4128; x_wconf 87' lang='lat' dir='ltr'>ttt</span> <span class='ocrx_word' id='word_1_282' title='bbox 1280 4074 1350 4127; x_wconf 80' lang='lat' dir='ltr'>etl(</span> 
     </span>
     <span class='ocr_line' id='line_1_36' title="bbox 410 4164 629 4237; baseline -0.018 -18"><span class='ocrx_word' id='word_1_283' title='bbox 410 4168 473 4220; x_wconf 80' lang='lat' dir='ltr'>diss.</span> <span class='ocrx_word' id='word_1_284' title='bbox 492 4167 524 4229; x_wconf 90' lang='lat' dir='ltr'>V,</span> <span class='ocrx_word' id='word_1_285' title='bbox 545 4165 564 4237; x_wconf 81' lang='lat'>§</span> <span class='ocrx_word' id='word_1_286' title='bbox 583 4164 629 4226; x_wconf 86' lang='lat' dir='ltr'>Ill.</span> 
     </span>
    </p>
   </div>
   <div class='ocr_carea' id='block_1_13' title="bbox 0 0 1512 4950">
    <p class='ocr_par' dir='ltr' id='par_1_15' title="bbox 0 0 1512 4950">
     <span class='ocr_line' id='line_1_37' title="bbox 0 0 1512 4950; baseline 0 1"><span class='ocrx_word' id='word_1_287' title='bbox 0 0 1512 4950; x_wconf 95' lang='lat' dir='ltr'> </span> 
     </span>
    </p>
   </div>
  </div>
 </body>
</html>
