3014 4950
1165 477 1204 540 31

163 653 297 716 iudicant
321 651 361 728 ii,
395 649 445 728 uui
478 647 556 710 huno
586 653 767 729 sequuntur,
795 647 905 711 Simon·
939 647 1147 712 Dunelmeosis
1177 659 1208 714 et

164 753 302 814 hlatthias
338 750 552 810 westmonast.
605 748 751 823 „Verbum
789 766 807 807 e
840 748 982 823 verbo,“
1018 752 1060 811 ait
1094 752 1206 829 dieo),

166 851 345 928 „transtulit
392 850 457 924 Quo
473 849 514 926 ht,
537 855 568 910 ut
589 851 638 909 vix
659 848 837 929 intelligatur
868 849 957 910 latina
984 849 1100 928 littera,
1130 835 1208 932 quae

167 952 347 1015 volubilitate
371 951 466 1030 magis
495 967 624 1030 graeca,
655 967 740 1028 quarn
776 950 925 1029 positione
947 951 1128 1014 construitur
1149 969 1208 1014 no.

168 1061 226 1116 stra
249 1055 284 1118 tl.
309 1071 335 1114 e.
357 1051 492 1120 latinat.“

249 1155 344 1232 Atque
371 1158 493 1231 propter
514 1149 593 1212 harro
613 1151 705 1230 ipsam
725 1152 978 1231 interpretationis
1002 1150 1204 1232 Erigenianae

165 1255 377 1322 obscuritatem
400 1251 509 1314 lactum
530 1268 599 1311 esso
620 1259 737 1330 putant,
758 1260 790 1313 ut
810 1244 914 1333 postea
936 1252 1081 1315 oblivioni
1104 1253 1208 1316 trado-

170 1361 270 1427 retur,
300 1370 358 1412 nec
384 1352 442 1412 nisi
465 1368 614 1430 perpauca
636 1354 701 1414 eius
722 1353 903 1433 exemplaria
926 1354 1064 1432 proprius
1089 1353 1126 1414 ad
1148 1369 1207 1415 no.

169 1461 257 1514 stram
281 1460 407 1514 aetatem
430 1453 683 1528 accesserunt).
721 1455 813 1535 'Tppis
843 1454 991 1534 descripta
1013 1453 1123 1533 prodiit
1146 1453 1208 1516 Co-

166 1553 266 1612 ioniae
289 1553 473 1632 Agrippinae
494 1569 552 1612 una
567 1570 643 1638 xcum
658 1554 725 1617 aliis
740 1553 914 1634 quibusdam
929 1554 1057 1634 antiquis
1073 1553 1209 1616 Pseudo-

170 1653 305 1730 Dionysii
328 1647 516 1712 versionibus
525 1655 578 1720 ³⁰).

250 1752 402 1824 Alterum,
426 1750 542 1830 dequo
565 1751 707 1824 diximus,
738 1751 888 1834 litigenae
912 1769 1005 1832 opus,
1028 1754 1208 1832 interprete.

167 1853 280 1913 tionem
298 1849 483 1912 scholiorum
504 1851 721 1930 inGregorium
745 1851 925 1933 theologum,
945 1851 1207 1932 ThomasGaleus,

166 1951 365 2024 Oxoniensis,
396 1967 451 2011 una
475 1968 540 2012 cum
562 1949 647 2011 libris
670 1952 707 2011 de
729 1951 877 2014 divisione
899 1960 1022 2014 naturae
1047 1953 1141 2016 edidit
1157 1958 1208 2030 ³¹).

168 2055 340 2128 Acceperat
360 2049 401 2127 id,
422 2057 453 2112 ut
474 2051 537 2130 ipse
560 2052 609 2128 ait,
634 2068 725 2131 opera
748 2054 867 2142 loannis
891 2053 1117 2132 ltlahillonii⁵²p

603 2391 702 2470 Caput
724 2391 743 2452 Ι
747 2390 776 2453 V.

169 2549 254 2622 Quae
278 2546 409 2630 gesserit
431 2547 569 2628 Erigeua
588 2546 620 2608 iu
648 2547 711 2608 illis
740 2545 953 2629 theologorum
982 2549 1210 2630 controversiis,

393 2652 400 2668 '
493 2664 621 2730 quarum
641 2647 796 2728 particeps
817 2646 885 2710 ruia.

250 2823 334 2887 uuae
357 2825 492 2899 omnino,
516 2831 655 2906 utsupra
678 2826 735 2886 iam
758 2823 922 2902 docuimus,
948 2825 1066 2890 luerunt
1089 2826 1211 2888 theolo-

165 2943 273 3007 gorum
306 2929 423 3006 pugnae
458 2923 539 2986 Secti
570 2926 753 3004 temporibus
786 2943 840 3004 per
874 2926 996 2990 Galliam
1021 2927 1209 3004 commissae,

166 3044 291 3106 quarum
311 3044 391 3088 nuuc
412 3043 513 3088 somus
534 3027 716 3087 mentionem
739 3024 854 3088 tacturi.
896 3027 998 3090 Altera
1020 3029 1058 3089 de
1079 3025 1208 3107 praede.

166 3127 328 3188 stipatione
349 3133 429 3189 mota
452 3132 499 3187 est
520 3144 537 3186 a
561 3124 772 3200 Gothesoalco,
793 3125 959 3189 Orbacensi
980 3125 1139 3202 monacho,
1161 3125 1209 3187 al-

167 3233 261 3288 terurn
296 3227 332 3288 de
369 3243 393 3292 s.
426 3225 612 3294 Eucharistia
648 3225 790 3286 excitavit
822 3227 999 3290 Paschasius
1033 3227 1211 3301 Radbertus,

169 3325 281 3388 Gallici
298 3329 437 3389 coenobii
460 3327 652 3389 Corbciensis
673 3327 805 3389 antistes.
850 3335 873 3352 ·’

172 3481 525 3494 W

204 3581 252 3649 28)
271 3582 304 3633 cf.
323 3580 419 3631 Thom.
439 3579 515 3630 Gala.
535 3576 580 3627 l.l.
599 3573 699 3628 testim.
720 3593 747 3646 p.
768 3573 794 3628 6.

205 3685 252 3753 29)
271 3686 306 3736 cs.
325 3683 440 3735 Histoire
460 3683 512 3733 titt.
532 3680 566 3731 da
584 3682 609 3730 la
629 3679 669 3731 Fr.
689 3687 753 3730 tom.
776 3679 808 3741 V,
825 3696 852 3749 p.
870 3676 932 3730 426.

202 3789 250 3855 30)
270 3789 304 3840 ci.
324 3803 402 3857 supra
420 3793 478 3842 not.
497 3784 541 3839 20.

206 3879 254 3960 dl)
274 3893 308 3942 ci.
328 3889 421 3943 10.se.
440 3886 509 3955 Erig.
530 3887 564 3938 de
585 3887 660 3938 divin.
681 3893 735 3937 not.
757 3883 820 3935 libri
839 3883 871 3935 V.
890 3882 1000 3936 Accedit
1020 3881 1161 3954 Appendix
1178 3897 1210 3932 aa

265 3979 403 4046 Ambiguia
428 3995 449 4028 s.
480 3975 589 4028 Maximi
616 3973 718 4024 Graeca
747 3979 773 4022 et
802 3971 903 4022 Latine.
940 3970 1075 4022 Ononiio
1103 3970 1208 4021 theatro

272 4065 471 4119 Scheldouiouo
490 4065 521 4116 A.
541 4057 732 4114 Mecuxxiil.
753 4088 783 4100 -

205 4169 253 4238 32)
272 4172 306 4224 cl.
329 4170 426 4223 Thom.
447 4169 523 4221 Gale.
544 4167 561 4217 l.
574 4165 592 4215 l.
611 4165 710 4216 testim.
730 4181 756 4233 p.
778 4163 820 4213 12.
988 4235 1008 4298 3
