2958 4952
316 457 356 522 ΟΩ

310 639 399 702 otiam
423 640 479 719 ipsi
501 639 559 702 erit
580 629 792 699 occurendum.
848 631 947 712 Atque
966 632 1004 694 da
1029 631 1140 694 Natura
1165 646 1226 691 non
1250 635 1348 690 creata

308 745 431 804 creante
453 739 527 802 salis
547 744 594 800 εει
616 737 737 798 dictum.

780 872 810 941 §-
831 863 880 927 93.

391 983 425 1048 B.
467 985 587 1065 „Altera
619 983 750 1048 Naturae
784 982 902 1064 species
935 985 981 1044 est
1003 997 1056 1058 ea,
1079 995 1156 1058 quaa
1180 981 1298 1038 creatur
1320 983 1348 1038 ot

309 1090 421 1147 creat.“

391 1183 475 1246 llaec
497 1199 558 1246 non
580 1163 638 1247 nisi
659 1184 689 1246 in
709 1179 948 1264 primordialibus
961 1181 1059 1240 causis
1070 1195 1179 1254 rurum,
1202 1184 1234 1240 ut
1255 1178 1350 1239 aesti-

307 1291 415 1362 matur,
438 1285 632 1366 intelligenda
664 1291 720 1347 ast.
773 1283 859 1365 lpsae
890 1279 1099 1362 primordiales
1119 1297 1219 1341 rerum
1241 1295 1350 1339 causae

307 1403 325 1446 a
361 1385 485 1447 Graecis
519 1383 710 1466 upmrrirvna
744 1384 773 1445 ln
807 1401 835 1450 ε.
870 1381 1072 1462 primordialia
1114 1377 1270 1459 exempla,
1302 1379 1350 1440 vel

306 1483 527 1566 npoopt'oprurn
550 1484 580 1546 h.
604 1502 632 1546 e.
662 1484 971 1564 praedeslinalioneS‚
994 1485 1063 1543 ilem
1085 1484 1157 1543 θεῖα
1180 1467 1350 1562 1θελήματα

307 1585 337 1647 b.
361 1602 389 1647 ε.
415 1585 534 1646 divinae
565 1584 755 1662 voluntates,
783 1584 831 1645 vel
861 1585 950 1644 etiam
978 1581 1061 1644 ἰδέαι
1083 1581 1110 1642 b.
1134 1599 1160 1642 ε.
1185 1582 1303 1661 speeies
1325 1597 1349 1640 s.

307 1683 435 1763 formae,
467 1687 497 1746 in
531 1685 638 1764 quibus
669 1703 767 1748 rerum
793 1685 920 1745 omniurn
945 1682 1159 1758 faciendarum,
1180 1682 1350 1760 priusquam

304 1785 421 1861 ἐεεεηι,
444 1785 644 1847 immutabiles
664 1785 798 1847 rationes
812 1783 951 1846 conditae
965 1789 1044 1860 sunt,
1066 1781 1163 1844 solani
1183 1783 1289 1844 vocari
1304 1781 1347 1860 ¹⁶).

306 1885 434 1947 -Nec
457 1886 603 1947 immerito
626 1886 672 1946 sio
687 1885 881 1966 appellantur,
904 1885 1042 1966 quoniam
1066 1889 1150 1964 pater
1171 1883 1197 1942 b.
1221 1900 1247 1942 ε.
1265 1883 1347 1962 prin-

308 1983 416 2063 cipium
440 1986 572 2046 omniurn
596 2022 637 2034 -
659 1985 689 2046 in
720 1984 813 2046 verbo
836 2001 910 2058 suo,
932 1984 1085 2066 unigenito
1116 1983 1257 2045 videlicet
1279 1981 1348 2056 sitio,

308 2083 438 2145 omnium
461 2102 561 2146 rerum
581 2085 725 2161 rationes,
761 2103 834 2165 quas
854 2083 1009 2146 faciendas
1029 2074 1097 2145 εεέε
1122 2083 1226 2162 voluit,
1250 2084 1348 2164 prius-

306 2200 394 2264 quam
414 2199 465 2245 ras
486 2183 603 2264 fierent,
622 2183 863 2266 praeformavil.“
884 2224 924 2236 -
945 2183 998 2264 (ll,
1021 2186 1050 2263 9,
1074 2181 1141 2260 36.)
1266 2169 1269 2176 ⁴

779 2331 811 2413 q.
834 2335 883 2397 aa.

304 2498 308 2506 .
389 2447 525 2528 „Causae
546 2449 637 2531 igilur
656 2452 875 2532 primordiales,
888 2467 975 2532 quum
996 2468 1055 2511 non
1079 2448 1274 2531 quarundam,
1293 2448 1345 2510 sed

305 2549 437 2609 omnium
459 2549 617 2614 visibilium
632 2550 883 2630 invisibiliumque
896 2567 995 2612 rernm
1012 2568 1122 2611 causae
1143 2550 1211 2626 sint,
1223 2563 1346 2611 numero

304 2654 440 2726 careant,
473 2665 603 2742 necasse
638 2658 693 2714 εει.
714 2691 753 2700 -
776 2653 958 2733 Quamquam
988 2658 1212 2744 autemknaque
1234 2656 1344 2711 certum

304 2871 594 2887 Ἣ

341 3019 386 3091 16)
405 3021 495 3088 Qnurn
515 3022 629 3091 Erigena
656 3024 851 3075 Platonicorum
880 3021 1028 3076 doctrinam
1049 3023 1082 3076 de
1100 3023 1167 3076 ideis
1185 3025 1213 3074 in
1232 3023 1282 3074 hac
1299 3039 1345 3074 sna

409 3109 443 3160 de
463 3111 549 3165 causis
580 3110 799 3180 primordialibus
817 3112 1009 3183 disputatione*
1027 3112 1142 3175 reserat,
1172 3113 1215 3163 rel
1234 3112 1345 3161 maxime

404 3213 503 3264 operae
530 3199 646 3266 prelium
666 3199 761 3250 secisse
780 3198 916 3262 videmur,
945 3202 967 3250 si
987 3199 1055 3264 hoc,
1084 3216 1138 3269 qno
1156 3217 1229 3251 nunc
1247 3217 1345 3260 sumus¹

407 3283 486 3345 loco,
516 3283 581 3354 qnid
602 3285 712 3354 proprie
730 3285 811 3338 leserit
832 3286 894 3337 idea
915 3287 1070 3351 Platonica,
1094 3289 1187 3356 perrois
1207 3287 1345 3338 monueri-

403 3387 470 3422 mus.
509 3371 618 3426 Utamur
632 3371 756 3424 Brucieri
775 3372 871 3426 uerbis.
906 3372 930 3426 ls
948 3374 1031 3442 igitur
1051 3377 1078 3426 in
1098 3376 1178 3432 „bisb
1197 3376 1256 3426 crit.
1277 3375 1343 3444 pbil.

405 3465 470 3510 loru.
492 3459 538 3510 111.
564 3477 591 3527 p.
609 3458 669 3512 905.
696 3459 763 3512 haec
790 3460 893 3514 babet:
926 3463 1046 3526 „Platoni
1073 3462 1136 3513 idea
1153 3475 1210 3513 non
1231 3471 1271 3513 ast
1289 3463 1344 3520 illa,

406 3562 476 3616 quae
506 3562 539 3598 ex
565 3547 795 3617 contemplatione
822 3548 989 3600 obiectorum
1018 3549 1191 3617 singularium
1218 3549 1344 3617 exsurgit,

403 3634 479 3684 notio
500 3635 668 3698 universatis,
691 3636 783 3704 reique
802 3636 917 3688 alicuius
935 3636 1066 3704 generalis
1093 3644 1291 3704 conceptus-
1313 3660 1342 3674 -

405 3720 453 3771 sed
483 3721 561 3774 ideae
578 3729 641 3774 sunt
671 3722 713 3772 illi
738 3723 891 3776 essentialia
921 3741 1006 3776 rerum
1033 3715 1153 3775 omniurn
1172 3722 1344 3790 singularium

403 3808 576 3878 exemplaria,
594 3807 746 3880 duroouulqr
766 3809 918 3876 purulentia,
939 3809 972 3862 ud
994 3827 1106 3881 quorum
1126 3819 1245 3862 naturam
1265 3809 1345 3858 indo·

405 3893 514 3964 lemque
541 3913 582 3948 res
610 3883 759 3962 singulares
788 3896 919 3948 formatas
945 3907 1023 3960 sunt,
1049 3907 1077 3949 et
1106 3914 1178 3967 quae
1205 3896 1246 3948 his
1266 3897 1343 3947 rebus

403 3996 509 4044 veram,
534 3992 633 4034 certam
658 3983 839 4053 stabilemque
869 3987 1011 4038 essentiam
1039 3986 1197 4053 largiuntur.
1231 4015 1265 4026 -
1291 3984 1345 4034 liae

405 4065 483 4119 ideae
504 4086 536 4120 ex
563 4068 655 4120 divina
684 4080 774 4122 ments
793 4072 916 4126 oriuntur
943 4074 1025 4143 inque
1052 4091 1083 4126 ea
1112 4074 1279 4138 radicantur,
1299 4087 1345 4125 sna

364 4189 378 4226 .·
406 4159 495 4204 autern
513 4157 623 4226 propria
641 4154 760 4225 gaudent
779 4156 956 4212 substantia.u
978 4189 1010 4202 -·
