3014 4950
309 431 349 494 ΙΙ

309 608 387 684 tius,
417 622 504 686 quem
526 609 557 664 ct
576 604 671 683 ipsum
690 603 773 664 Scoti
794 603 948 682 aequalem
972 609 1060 664 etex
1084 607 1180 664 amico
1204 601 1351 682 adversa.

308 707 384 770 rium
406 703 515 766 lactum
540 720 609 764 esse
634 702 810 781 audivimus
839 719 897 783 quo
917 703 986 764 loco
1008 703 1046 764 de
1067 703 1207 765 Hibernia
1230 711 1261 765 υι
1282 703 1351 764 ilri-

310 824 409 888 genae
430 803 574 884 magistra
597 802 793 882 loquitar-³²),
817 809 898 880 certe
918 805 1006 865 etiam
1029 805 1161 865 Orientis
1181 811 1233 865 ¹aut
1254 804 1350 865 Grae.
1398 804 1400 808 ’

309 909 376 969 ciae
401 905 580 968 mentionem
601 904 765 982 iniecisset,
788 905 856 966 dum
880 905 1039 986 quidquam
1061 907 1099 966 de
1117 905 1163 966 bis
1181 905 1350 984 comperis-

308 1013 365 1069 set.
398 1005 472 1071 lluc
502 1004 638 1085 accedit,
672 1004 755 1084 quod
779 1004 875 1066 nullus
896 1007 1018 1068 omnino
1040 1024 1079 1067 ex
1098 1006 1247 1088 Erigenae
1272 1006 1351 1065 scri-

308 1108 366 1188 ptis
387 1106 473 1168 locus
492 1105 594 1167 allerri
616 1113 730 1186 potest,
764 1107 815 1168 ubi
844 1109 908 1186 ipse
939 1108 978 1170 de
1010 1109 1122 1170 exteris
1155 1105 1357 1188 philosophis,-

309 1207 482 1289 quibuscum
504 1223 606 1269 coram
620 1207 677 1268 sibi
700 1206 891 1287 colloquendi
915 1206 1039 1270 facultas
1060 1207 1158 1286 luerit,
1180 1223 1350 1269 sermonem

310 1309 417 1385 faciat,
453 1314 502 1369 aut
523 1307 608 1369 ultius
629 1309 879 1389 peregrinationis
900 1303 1065 1371 studiorum
1086 1325 1178 1370 causa
1192 1313 1350 1387 susceptae

308 1408 497 1483 meminerit;
517 1424 606 1487 quum
628 1425 746 1487 semper
766 1426 821 1470 ecs
845 1417 984 1472 auctores
1007 1408 1133 1490 alleget,
1164 1425 1289 1488 quorum
1311 1408 1351 1468 li-

310 1509 383 1568 bros
405 1509 436 1569 in
457 1507 600 1568 Hibernia
624 1513 673 1568 aut
694 1508 725 1568 in
747 1507 841 1569 Gallia
862 1515 1005 1570 excutere
1037 1510 1141 1587 potuit.
1184 1507 1263 1581 Ouid
1295 1507 1351 1568 de-

310 1608 400 1687 nique
432 1607 480 1669 illa
510 1615 685 1687 tempestate
705 1608 754 1670 rel
775 1610 807 1670 ia
831 1609 958 1672 Graecia
981 1593 1136 1686 doctrinae
1158 1589 1272 1689 aoq'uiri
1292 1625 1351 1688 po-

310 1710 411 1786 tuerit,
434 1726 496 1770 non
518 1708 620 1769 lrercle
642 1708 853 1789 intelligimus:
885 1727 924 1770 ne
954 1709 995 1770 ibi
1026 1710 1144 1790 quidem
1167 1709 1351 1790 splendidam

309 1817 370 1870 tum
394 1808 599 1890 philosophiae
620 1809 823 1872 conditionem
843 1812 1010 1872 invenimus
1032 1835 1093 1873 -ι
1126 1810 1264 1873 Athenae
1292 1811 1351 1872 ob-

310 1911 539 1984 mutuerant-³8).
562 1943 600 1956 —-

223 1995 225 2000 ¹
394 2011 492 2088 Atque
514 2011 591 2071 baec
613 2009 652 2072 de
674 2028 708 2074 re
732 2017 791 2072 tam
815 2009 890 2073 futili
911 2008 1024 2072 dixisse
1045 2008 1189 2074 sullioiat:
1222 2027 1351 2092 progre-

312 2110 428 2174 diamur
448 2110 487 2174 ad
508 2111 632 2192 reliqua.
1344 2103 1346 2106 ’

730 2447 842 2528 ¹Caput
861 2447 925 2511 ΙΙΙ.
962 2538 974 2551 ,

397 2605 482 2678 Quae
503 2603 596 2665 luerit
618 2601 703 2666 Scoti
723 2601 855 2666 conditio
878 2603 964 2683 apud
979 2602 1123 2674 Catulum
1141 2605 1269 2666 column.

348 2773 368 2817 Ι
396 2779 654 2860 Caroluscalvus‚
678 2783 888 2862 quammulta,
919 2801 995 2862 quae
1018 2783 1089 2846 boni
1109 2783 1192 2862 regis
1213 2785 1286 2856 sunt,
1318 2777 1348 2836 in

314 2901 349 2944 se
370 2881 568 2948 desideranda
591 2884 716 2961 laceret,
737 2886 863 2964 optimas
888 2892 987 2947 tamen
1009 2891 1090 2946 artes
1112 2889 1269 2963 propterea
1290 2895 1351 2939 non

314 2983 456 3064 neglexit.
499 2983 605 3046 Ericus
618 2968 746 3066 squidem
766 2983 1043 3060 Altissiodorensis,
1062 2987 1111 3066 qui
1135 2986 1199 3046 eius
1221 2979 1352 3062 aequalis

316 3083 382 3160 fuit,
402 3087 524 3146 summis
543 3103 611 3150 eum
630 3085 688 3147 bac
713 3085 751 3148 de
772 3104 806 3148 re
829 3087 965 3149 laudibus
990 3091 1092 3148 ornat:
1121 3103 1180 3146 nec
1201 3091 1268 3160 est,
1302 3096 1354 3141 cur

314 3184 402 3251 huius
422 3181 572 3263 laudibus,
602 3189 657 3249 etsi
680 3188 710 3252 in
733 3188 870 3269 epistola,
905 3189 1057 3268 adipsum
1080 3186 1216 3248 Carolum
1239 3183 1355 3244 calvum

315 3288 448 3365 scripta,
470 3289 677 3364 continentur,
707 3305 890 3369 magnopere
914 3287 1051 3367 diffidas,
1081 3294 1240 3367 propterea
1263 3281 1354 3361 quod,

317 3386 424 3468 quibus
445 3386 555 3457 firmari
578 3393 697 3472 queant,
728 3391 801 3454 satis
825 3389 915 3454 multa
935 3388 1130 3465 babemus1).
1184 3383 1236 3446 llle
1266 3384 1356 3465 igitur

318 3556 657 3572 ————-——-—

413 3634 493 3687 nobis
520 3637 698 3692 dubitationis
726 3640 782 3690 dari
810 3647 918 3712 potest,
949 3637 982 3694 in
1010 3639 1158 3695 Graecia
1185 3652 1247 3688 oum
1270 3631 1355 3683 luisse

414 3724 604 3792 negantibus.

351 3826 400 3896 37)
420 3829 455 3880 cl'.
475 3847 554 3899 supra
575 3815 631 3900 cap.
653 3832 687 3895 ll,
703 3839 760 3883 not.
779 3832 822 3899 25.
933 3875 934 3884 .

353 3930 401 3999 38)
422 3932 455 3984 cl.
475 3933 599 3987 Bracker.
619 3935 668 3991 l..l
690 3953 716 4005 p.
735 3932 796 3986 615.

356 4037 385 4102 t)
406 4036 439 4087 cl.
458 4038 671 4091 Staudenmaier
694 4035 1039 4107 1.1.p.151-159,qui
1068 4035 1208 4084 maximam
1237 4033 1359 4083 testimo-

418 4123 648 4182 moruncurten
668 4125 787 4200 undiquc
806 4125 1004 4196 congessit-
1034 4125 1064 4174 ln
1093 4120 1145 4173 boc
1172 4127 1261 4173 autem
1290 4120 1361 4174 Erici
