3010 4946
287 421 329 492 74

372 605 459 680 Quod
488 609 587 667 autern
618 603 746 666 Thomas
777 601 886 667 Galeas
922 605 953 666 in
981 603 1167 684 praelatione
1193 605 1333 670 editionis

289 715 430 785 suae-(p.
453 706 500 784 4.)
522 706 637 779 scribit,
658 711 751 766 testes
774 703 833 766 lide
855 703 963 786 dignos
985 703 1144 785 affirmare,
1167 705 1283 768 Florum
1292 715 1334 787 ὐ)

289 807 346 870 hos
370 804 474 882 libros,
496 824 555 886 quo
572 805 688 868 facilius
706 805 882 882 confutaret,
903 805 1097 885 depravasse,
1120 805 1197 866 haec
1212 806 1333 887 quidem

290 909 411 970 omnino
442 908 541 968 inanis
571 913 618 968 est
648 908 791 987 suspicio.
840 905 944 967 Testes
977 903 1018 967 illi
1050 912 1135 984 sunt,
1173 906 1335 984 credimus,

288 1007 426 1069 Matthias
456 1006 789 1067 Westmonasiericnsis
822 1004 878 1080 (ad
905 1019 1013 1064 annum
1046 1003 1334 1082 uccctxxxutr,

289 1108 368 1170 etsi
390 1107 440 1186 qui
463 1107 540 1167 l'orte
568 1107 597 1167 in
630 1105 716 1168 huius
740 1105 834 1167 verba
868 1106 1009 1166 iurarunt.
1051 1103 1130 1194 Sed,
1166 1106 1334 1184 quicunque

289 1213 366 1285 sunt,
388 1224 475 1287 quum
498 1207 602 1268 Florus
622 1206 672 1268 ille
694 1215 797 1287 (quern
811 1204 1142 1267 westmonasteriensis
1157 1206 1334 1286 ,‚ignorari“

290 1307 458 1383 contendit)
482 1323 542 1368 non
566 1307 658 1368 libros
680 1306 718 1367 du
740 1306 866 1384 naturis,
896 1301 952 1388 'scd
975 1303 1080 1366 librum
1103 1304 1141 1365 de
1163 1306 1333 1384 praedesti-

281 1393 347 1469 nat.
370 1406 586 1488 impugnaverit
596 1415 616 1482 ,·
634 1406 897 1482 vehementissime
918 1411 1102 1468 erraverunt.
1145 1403 1208 1466 Huc
1239 1422 1334 1466 acce-

288 1505 347 1582 dit,
381 1505 563 1586 quod'ipsos
588 1504 681 1566 libros
707 1511 846 1567 accurate
867 1503 1036 1586 perlegenti
1059 1520 1096 1566 ea
1118 1510 1239 1584 apparet
1260 1522 1334 1584 par-

288 1605 359 1667 tium
383 1607 594 1684 cohaerentia,
627 1608 652 1668 is
684 1605 806 1670 ollertur
835 1609 1047 1669 sententiarum
1069 1624 1180 1684 nexus,
1211 1611 1243 1667 ut
1274 1607 1334 1669 troc

252 1705 356 1767 ‘solo
378 1713 553 1788 argumento
585 1707 715 1769 conlisus
747 1707 793 1768 vir
825 1706 1033 1786 doctissimus,
1069 1705 1220 1781 floridus,
1252 1705 1332 1768 illam

286 1803 418 1869 'thomae
432 1808 516 1870 Gaiei
528 1807 737 1887 suspicionem,
756 1813 919 1885 utranam,
936 1807 1001 1868 iure
1015 1807 1217 1887 repudiaverit
1227 1813 1278 1885 ¹¹).
1290 1843 1331 1856 -

369 1905 419 1968 Bis
453 1907 573 1967 omnino
607 1906 674 1967 iibri
704 1907 741 1967 de
772 1905 920 1968 divisione
940 1913 1064 1968 naturae
1085 1909 1161 1988 typis
1184 1914 1253 1970 sunt
1274 1905 1331 1970 de'-

287 2004 412 2086 scripti:
444 2005 568 2086 primunr
599 2024 626 2067 a.
648 2005 857 2068 uootxxxt.
878 2005 1019 2085 prodiere
1043 2006 1152 2069 Oxonii
1174 2025 1228 2086 per
1248 2007 1331 2069 Tho-

286 2093 363 2169 rnam
401 2105 540 2185 (inicum,
576 2107 796 2184 oxoniensem
832 2107 941 2170 deindo
977 2126 1004 2177 a.
1038 2108 1329 2173 dccccxxxviii.

285 2207 459 2269 dionosterii
480 2206 726 2287 Guestpiralorum
748 2225 840 2287 opera
865 2207 896 2270 G.
918 2207 950 2269 B.
972 2206 1149 2298 Schlueteri,
1175 2209 1332 2271 dionoste-

283 2308 405 2369 riensis.
447 2308 598 2371 Posterior
629 2309 721 2370 editio
741 2307 876 2388 'propter
906 2307 1119 2370 multitudinem
1142 2309 1330 2388 mendorum,
1363 2348 1367 2358 ι

284 2423 409 2486 quorum
431 2424 470 2469 ne
493 2407 585 2469 index
619 2408 736 2488 quidem
768 2408 903 2470 adiectus
934 2414 1000 2488 est,
1034 2409 1128 2490 priori
1160 2408 1251 2492 longe
1282 2409 1330 2472 es't

284 2508 493 2588 postponenda
508 2515 561 2586 ¹²).
584 2545 625 2558 -

368 2610 498 2672 Externa
522 2611 690 2673 disserendi
711 2609 817 2689 forma,
839 2626 897 2690 qua
920 2609 1029 2673 Stolos
1050 2609 1098 2673 his
1117 2611 1148 2672 irr
1168 2610 1252 2672 libris
1265 2610 1326 2712 uti·

283 2772 319 2780 .-

320 2861 366 2927 10)
385 2863 420 2915 cf.
439 2880 498 2932 sup.
517 2880 575 2934 cap.
593 2864 624 2915 V.
645 2870 702 2916 not·
720 2863 764 2918 32.

320 2966 365 3035 11)
383 2968 417 3020 ei.
435 2966 575 3036 Epiremer.
590 2969 721 3019 Bonnens.
742 2969 806 3020 fasc.
826 2967 892 3020 XVI.
913 2985 941 3036 p.
961 2967 1004 3019 at.

321 3069 366 3138 12)
384 3071 473 3141 Atque
502 3070 547 3122 hio
570 3071 632 3123 satio
658 3071 773 3138 graviter
799 3071 928 3140 conqueri
957 3087 1012 3120 non
1041 3064 1195 3141 possumne!
1222 3093 1253 3104 -
1280 3063 1326 3116 Est

389 3157 588 3226 apudGoleunr
605 3158 761 3209 mendorum
781 3157 927 3210 multitudo
947 3157 1056 3224 ingens:
1084 3155 1181 3206 desunt
1204 3152 1326 3223 plurimis

388 3244 454 3294 locis
472 3244 575 3312 integra
595 3245 686 3308 verbu,
704 3246 801 3312 integri
819 3261 918 3297 versus.
955 3243 1052 3296 Horum
1078 3241 1249 3294 Sclrlneterur
1273 3240 1327 3291 nisi

289 3395 293 3400 Ι
389 3332 548 3402 paucissima
578 3349 634 3384 non
663 3334 788 3386 sustulit:
820 3350 870 3384 nec
895 3349 963 3383 nova
988 3333 1095 3384 derunt.
1115 3360 1149 3372 -·
1172 3329 1326 3396 collegerat

385 3426 474 3470 autem
497 3418 596 3471 Galeus
620 3436 667 3471 sua
693 3419 789 3472 menda
818 3405 898 3491 quarn
924 3419 1145 3487 diligentissim03
1176 3417 1327 3467 inseruerat

384 3521 476 3557 eorum
496 3505 579 3558 indici
596 3509 713 3576 egregias
733 3509 814 3576 plone
832 3508 1009 3570 ‚,variauter“,
1029 3522 1095 3575 quas
1112 3499 1217 3564 incant,
1237 3519 1270 3552 ex
1287 3515 1323 3548 m.

385 3611 407 3645 r.
438 3593 530 3645 codice
564 3594 720 3647 Paritiensi:
751 3593 794 3646 hic
820 3593 898 3645 Geiei
925 3593 1006 3646 index
1031 3610 1080 3663 per
1103 3589 1325 3658 decempaginaa

388 3680 489 3732 formae
521 3681 653 3733 maximae
680 3681 835 3750 porrigitur.
882 3681 959 3732 Hunc
998 3697 1062 3732 vero
1098 3679 1177 3730 Galei
1206 3675 1323 3726 indicem

389 3766 562 3824 Schlueterus
593 3769 650 3821 fere
675 3786 805 3840 nusquam
835 3778 881 3821 out
902 3769 1010 3822 roravit
1038 3775 1085 3819 aut
1112 3779 1204 3818 curare
1228 3760 1323 3812 voluit.

389 3855 476 3925 ipsius
494 3856 604 3925 quidem
625 3856 765 3926 typotheta
785 3857 935 3919 affirmavit,
954 3855 1139 3908 Schltreterum
1157 3853 1195 3901 ito
1215 3844 1324 3899 solitum

389 3942 472 3995 fuisse
490 3941 596 3994 dicerer
615 3943 702 4007 „illud
721 3959 788 4014 opor
805 3962 860 3995 non
881 3952 966 3995 esse.“
984 3973 1018 3984 -
1037 3941 1128 4011 Quare
1147 3934 1325 3989 eiuseditio·

390 4049 451 4084 nem
471 4032 516 4083 vix
533 4031 608 4083 flocci
628 4031 718 4093 ducas,
738 4039 766 4083 et
785 4032 875 4100 potius
901 4031 1109 4102 „depravatuffl
1128 4025 1219 4088 dicas,
1244 4039 1324 4094 quarn

390 4127 421 4174 ut
436 4122 493 4192 ipsa
511 4119 551 4191 (p.
569 4118 602 4192 l.)
621 4113 839 4185 „emendatnm.⁴“
859 4145 892 4161 -
