3014 4950
301 425 342 491 36

299 601 600 682 praedestinationem
623 590 831 676 defendentes,
852 603 957 664 iisdem
977 603 1042 664 iere
1060 622 1126 667 cum
1140 605 1339 669 Gotheseatco

300 705 387 783 (quia
410 710 440 764 et
460 703 489 765 S.
505 704 663 783 Augustini
685 707 785 780 erant)
806 702 1006 766 locutionibus
1027 704 1204 767 utebantur:
1235 705 1339 786 Neque

299 803 359 864 nito
382 810 470 883 pacto
491 822 528 864 ea
549 804 580 863 in
605 819 638 864 re
659 802 771 882 culpari
792 810 938 882 possunt,
969 805 1076 884 quippe
1107 807 1155 886 qui
1179 806 1339 869 nouitium

298 908 329 966 in
351 904 398 965 his
420 919 540 964 sensum
562 902 665 964 inesse
684 903 844 992 vetuerint,
868 921 954 982 quern
978 903 1153 966 Hincmarus
1177 923 1242 966 omn
1264 905 1339 968 suis.

297 1005 487 1067 itincmarnm
511 1010 628 1081 autem,
663 1020 739 1082 quae
769 1021 831 1064 non
864 1011 1067 1083 speraverat„
1086 1007 1124 1067 ad
1146 1006 1252 1068 incitas
1274 1007 1340 1068 iere

298 1105 491 1187 redegerunt.
532 1103 609 1168 Satis
633 1105 711 1164 enirn
732 1105 827 1182 probe
849 1104 1041 1185 intelligebat,
1071 1123 1137 1168 curn
1161 1125 1178 1167 a
1200 1106 1340 1169 celeber-

300 1207 383 1268 rimis
405 1205 554 1286 theotogis
577 1211 634 1265 tarn
656 1203 800 1265 matorum
822 1221 907 1283 quam
931 1204 1097 1283 bonorum,
1131 1207 1196 1267 sive
1218 1207 1340 1288 gemina

297 1306 530 1387 praedestinatio
552 1305 733 1383 doceretur,
768 1323 854 1384 quarn
884 1305 947 1384 ipse
976 1305 1006 1366 in
1029 1304 1229 1368 Gothescalco
1253 1307 1340 1368 darn-

300 1412 421 1482 nasset‚
457 1405 495 1466 de
524 1401 601 1466 sama
624 1410 713 1484 atquc
734 1405 954 1466 existimatione
979 1407 1220 1486 ornamentisque
1242 1409 1341 1468 omni-

300 1508 356 1569 hus
376 1505 433 1568 sibi
455 1522 524 1566 esse
545 1503 769 1566 decertandum.
804 1505 904 1578 Quare
925 1506 1120 1586 scriptoribus
1143 1507 1340 1586 opponendos

299 1625 368 1670 esse
391 1605 534 1667 censebat
558 1605 732 1685 scriptores.
765 1605 868 1685 ltaque
890 1606 928 1666 ab
951 1605 1158 1668 Hincmariana
1175 1613 1259 1686 parte
1273 1625 1339 1670 cum

299 1706 358 1781 aiii,
381 1711 441 1767 tum
463 1706 622 1785 praecipue
645 1707 752 1767 Scotus
772 1712 887 1784 noster,
910 1707 959 1785 qui
979 1711 1129 1786 geminam
1152 1705 1230 1768 ittam
1248 1725 1340 1787 prae-

300 1806 528 1868 destinationem
544 1811 584 1882 12)
605 1804 687 1866 libris
704 1804 792 1866 editis
806 1812 1021 1886 expugnarent,
1042 1805 1192 1868 sntticitatt
1209 1814 1278 1872 sunt
1289 1809 1339 1884 1ὃ).

382 1906 555 1987 Composuit
593 1894 683 1986 igitur
724 1908 831 1968 Scotus
867 1905 972 1968 tibrum
1013 1923 1097 1969 suurn
1138 1907 1176 1968 de
1210 1907 1340 1987 praede-

299 2007 460 2071 stinatione
493 2006 638 2067 adversus
673 2007 923 2083 Gothescatcum‚
964 2025 1091 2086 eumque
1129 2007 1224 2068 edidit
1261 2027 1340 2070 annu

299 2107 434 2172 Dccctt
448 2113 499 2184 1ἢ),
521 2143 562 2154 -
588 2108 686 2170 Senrel
710 2114 820 2170 tanturn
841 2109 899 2170 hoc
923 2107 1004 2171 Scoti
1026 2125 1101 2188 opus
1123 2109 1199 2188 typis
1223 2109 1339 2171 deseri.

299 2215 379 2291 ptum
403 2208 528 2288 prodiit:
560 2213 607 2268 est
637 2205 715 2286 apud
743 2207 932 2290 itaugninum
959 2209 988 2270 in
1011 2209 1109 2287 libro,
1141 2227 1229 2291 quem
1251 2225 1341 2290 supra

300 2316 380 2388 (not.
405 2309 457 2386 10)
480 2307 674 2370 laudavimus.

530 2461 583 2522 De
604 2457 980 2538 praedestinatione
999 2459 1122 2520 tiber:

384 2566 574 2658 Undeviginti
598 2576 802 2656 complectitur
824 2576 931 2654 capita,
954 2594 1030 2657 quae
1051 2575 1207 2656 praecedit
1227 2593 1339 2656 prooe-

302 2679 402 2758 mium,
425 2679 617 2758 subsequitur
635 2676 791 2756 epitogusz‘
815 2692 872 2736 nec
888 2675 1045 2738 admodum
1067 2677 1167 2756 magni
1189 2683 1236 2738 est
1255 2676 1336 2736 vntu-

303 2781 400 2842 minis.
442 2779 562 2842 Missum
582 2785 637 2856 est,
666 2784 698 2839 ut
720 2778 750 2838 in
772 2777 928 2855 prooemio
948 2775 1067 2858 legitur,
1098 2776 1258 2838 Hincrnaro
1278 2775 1338 2836 Re-

228 2906 231 2912 *
303 2882 397 2942 mensi
427 2886 457 2940 et
486 2878 609 2942 Pardula
641 2877 851 2956 Laudunensi3
886 2894 1010 2957 quorum
1042 2894 1152 2938 causae
1185 2883 1339 2958 patronum

303 2998 338 3042 se
360 2981 511 3042 exstitisse
531 2981 637 3044 Scotus
660 2977 772 3042 scribit.

401 3212 587 3274 inveniuntur,
612 3228 696 3281 quare
721 3229 813 3264 eorrrm
831 3213 918 3263 locum
937 3211 1086 3263 accuratius
1106 3209 1224 3262 indicare
1245 3224 1340 3278 auper-

404 3299 531 3350 sedimur.
549 3329 583 3340 -

342 3403 386 3462 12t
405 3404 444 3455 De
462 3403 518 3454 sola
537 3403 641 3470 gemina
661 3403 805 3472 praedest„
826 3419 880 3453 non
899 3401 932 3452 de
954 3401 1065 3471 reliquie
1084 3398 1186 3450 elenbus
1205 3399 1342 3467 quaestio·

402 3490 482 3542 uibus
503 3492 537 3560 (Ι.
556 3491 589 3541 de
611 3490 681 3542 libro
699 3490 837 3542 homiuum
856 3489 976 3540 arbitrio.
995 3487 1028 3546 ΙΙ.
1049 3495 1134 3538 utrum
1154 3483 1273 3538 Christus
1292 3499 1341 3550 pro

401 3577 527 3632 omnibns
546 3577 702 3630 hominibus
716 3586 836 3627 mortuus
857 3569 899 3638 m',
918 3593 959 3642 urr-
969 3593 1017 3644 pro
1030 3575 1062 3624 iis
1074 3583 1187 3635 tantum,
1204 3572 1250 3642 qui
1262 3585 1340 3639 pree-

404 3664 531 3718 ‹lertinati
551 3666 606 3718 sint
626 3655 660 3715 ad
676 3664 782 3731 vitam),
811 3679 882 3733 quae
905 3673 933 3716 et
949 3665 1023 3732 ipsae
1042 3663 1139 3712 acriter
1156 3671 1340 3729 proponeren-

405 3760 466 3814 tur,
492 3753 554 3806 ideo
583 3753 665 3804 locuti
690 3768 798 3813 numus,
827 3749 897 3820 pund
915 3749 983 3800 haec
1000 3751 1057 3820 ipra
1076 3748 1194 3799 omnium
1213 3751 1295 3815 caput
1314 3751 1341 3795 et

407 3841 483 3909 quasi
502 3856 598 3910 pareus
621 3839 681 3900 tuit,
702 3855 753 3890 uec
769 3839 864 3889 Scotur
885 3837 1001 3907 reliquus
1020 3837 1080 3888 iliae
1099 3835 1207 3885 curarit.

331 3938 388 4009 :th
408 3943 440 3994 ci.
462 3945 560 3995 Ecaten.
579 3941 702 4009 Lugduu.
720 3939 768 3990 lib.
789 3939 822 3991 de
843 3939 928 3993 tribua
947 3941 1024 4010 epist.
1043 3956 1100 4008 cap.
1120 3935 1172 3988 39:
1192 3936 1220 3985 ia
1236 3936 1341 3986 marim.

405 4030 532 4084 biblioth.
549 4037 686 4098 vet.putr.
708 4027 775 4079 edit.
794 4027 916 4098 Lugdun.
936 4035 1001 4082 tom.
1013 4026 1070 4089 XV,
1090 4043 1117 4095 p·
1131 4021 1183 4077 dot
1195 4022 1298 4094 discen.
1312 4047 1338 4056 -

342 4129 388 4204 14)
408 4134 444 4187 ci.
461 4151 541 4206 supra
557 4149 615 4204 cap.
635 4129 657 4196 Ι,
673 4140 730 4185 not.
749 4131 793 4186 28.
822 4101 835 4128 ⁰
