3014 4950
1131 485 1175 552 ot

133 661 243 742 scripta
265 668 311 724 est
333 658 385 743 ,X.
408 661 468 726 Gal.
493 661 620 744 Apriles,
641 661 805 726 indictione
830 659 920 743 ιΙΙΙΙ,ιι
944 664 994 745 qui
1014 670 1060 728 est
1082 683 1177 732 annus

135 762 350 851 DCCCLXXV.
660 765 662 772 '

216 861 351 925 Certiora
373 863 460 924 huius
482 865 525 925 rei
548 845 658 925 indicia
681 864 719 924 ad
740 870 870 925 nostram
887 872 1013 928 aetatem
1030 886 1091 930 non
1109 889 1180 950 per·

136 970 291 1024 venerunt.
334 963 436 1043 Neque
458 964 517 1026 ullo
539 966 730 1039 testimonio,
761 967 809 1025 cui
840 965 957 1044 quidem
982 969 1048 1030 sine
1069 974 1181 1033 erroris

135 1063 268 1144 periculo
291 1062 416 1124 credere
439 1065 606 1143 possimus,
641 1066 719 1124 inter
750 1081 849 1124 rerum
883 1073 1023 1128 auctores
1054 1070 1101 1129 vel
1123 1071 1183 1132 hoo

139 1172 280 1227 constare
297 1151 457 1242 reperitur,
483 1181 542 1243 quo
565 1165 633 1225 loco
657 1163 787 1243 Erigena
810 1167 897 1226 vitam
919 1169 1062 1245 posuerit,
1092 1186 1185 1248 prae-

139 1274 271 1346 terquam
294 1265 374 1343 quod
394 1263 581 1325 Mabillonius
603 1263 766 1343 ,videturp‘
787 1267 838 1343 ait,
861 1267 909 1344 ,in
928 1267 1054 1329 Francia
1074 1285 1184 1349 perse·-

140 1371 292 1428 vcrasse.“
316 1397 358 1412 -

221 1468 296 1528 Sunt
319 1461 436 1543 quidem
460 1464 507 1541 qui
538 1464 656 1526 Scotum
687 1465 795 1527 diutius
825 1464 955 1542 vixisse,
988 1474 1076 1547 atque
1108 1469 1185 1530 adeo
1301 1479 1303 1484 ’

143 1565 262 1628 circiter
285 1571 394 1624 aunum
414 1563 628 1624 DCCCLXXX.
657 1563 694 1625 ab
717 1564 842 1626 Allredo
865 1566 974 1646 Magno
992 1570 1026 1628 in
1047 1569 1186 1650 Angliam

146 1667 320 1728 accersitum
342 1681 411 1726 esse
433 1663 626 1740 contendant,
657 1665 711 1726 sed
737 1681 841 1726 eorum
862 1683 953 1728 causa
983 1669 1028 1729 sic
1051 1669 1187 1748 prolecto

146 1774 190 1828 est
210 1771 392 1845 comparata,
413 1764 521 1827 nullam
537 1771 568 1826 ut
591 1766 629 1828 iis
648 1765 736 1828 fidem
758 1764 871 1827 habere
892 1784 994 1846 queas.
1019 1769 1104 1842 Quod
1120 1787 1190 1832 mox

145 1866 321 1929 videbimus.
506 1876 508 1881 ·

228 1967 312 2028 Plura
336 1968 456 2027 omnino
472 1965 577 2028 loanni
598 1971 712 2034 nostro,
725 1967 835 2044 scripta
856 1964 1046 2028 tribuuntur:
1066 1985 1190 2046 quorum

146 2070 261 2149 partim,
281 2071 382 2146 utpote
403 2066 509 2146 quibus
533 2070 632 2126 certus
654 2064 771 2143 quidam
792 2065 877 2126 locus
900 2067 1054 2128 videretur
1075 2086 1193 2128 conve-

148 2171 226 2240 niro,
248 2184 284 2228 eo
305 2167 363 2228 iam
385 2167 467 2242 satis,
492 2167 658 2245 opinamur,
689 2166 812 2245 copiose
830 2165 1051 2245 descripsimus,
1084 2169 1191 2246 partim

151 2267 248 2353 inira,
280 2285 345 2329 unm
366 2267 439 2356 nihil
462 2266 549 2349 plane
572 2265 609 2326 de
633 2267 670 2328 iis
693 2268 855 2328 memoriae
876 2267 914 2327 sit
935 2267 1103 2346 proditum,
1136 2269 1194 2330 nisi

150 2367 210 2430 hoe
229 2367 336 2448 ipsum,
355 2364 514 2448 Erigenam
537 2377 606 2427 esse
628 2383 732 2428 eorum
755 2374 919 2445 auctorem,
940 2363 1083 2446 peculiari
1097 2371 1193 2448 capite

149 2485 312 2532 recensere
337 2469 367 2529 in
386 2469 514 2530 animum
537 2467 716 2528 induximus.

197 2619 199 2623 .
233 2568 380 2642 Quoniam
403 2573 499 2628 autem
520 2567 689 2651 hominibus
711 2573 740 2627 et
759 2565 881 2646 ingenio
903 2572 933 2626 et
951 2566 1086 2628 doctriua
1104 2585 1194 2647 prae.

153 2669 297 2730 stantibus
319 2667 443 2728 solenne
466 2674 520 2743 est,
552 2671 595 2740 ut,
620 2667 669 2745 qui
692 2682 794 2727 eorum
816 2665 1000 2744 disciplinam
1024 2675 1195 2746 sequantur,

151 2768 291 2847 habeant,
315 2769 482 2847 complures
506 2767 683 2829 arbitramur
703 2768 894 2847 praecipuam
909 2767 1060 2848 Erigonae
1074 2785 1197 2847 operam

153 2867 274 2932 dedisse
296 2869 420 2949 eiusque
442 2874 609 2930 sectatores
631 2869 791 2943 exstitisse,
827 2869 1003 2946 praesertim
1024 2883 1090 2930 uum
1114 2869 1198 2928 cele-

151 2969 301 3032 berrimae
324 2969 364 3030 illi
388 2968 528 3048 ,scholae
549 2968 714 3048 palatinac‘t
729 2967 896 3047 praefuisse
911 2968 1059 3030 credatur.
1084 2969 1198 3042 Quam-

153 3087 241 3150 quam
281 3070 330 3130 vix
360 3087 436 3132 unus
472 3087 574 3131 eorum
609 3070 780 3131 nominatim
811 3075 910 3148 potest
937 3069 1077 3149 proferri.
1129 3069 1200 3131 Sola

153 3172 234 3232 euim
257 3169 382 3232 historia
405 3171 612 3251 episcoporum
625 3169 933 3232 Autissiodorensium
957 3169 1199 3251 quendamSooti

155 3269 330 3349 discipulum
365 3273 469 3349 novit,
506 3271 702 3332 llumbaldum
736 3270 985 3340 Cameracensem
995 3290 1004 3346 3
1040 3288 1125 3350 quem
1162 3261 1199 3330 ab

158 3369 254 3429 omnis
289 3369 445 3433 doetrinae
483 3371 632 3452 elegantia
671 3363 860 3448 summopere
898 3371 1072 3431 instructum
1108 3369 1201 3430 luisse

156 3465 308 3538 scribito).
351 3469 469 3532 Deinde
502 3471 559 3532 hoo
590 3469 659 3531 loco
694 3470 724 3530 id
753 3481 870 3549 quoque
903 3470 1045 3532 monitum
1067 3467 1202 3550 velimus,

158 3563 239 3648 quod
268 3565 375 3628 Scotus
411 3571 475 3648 ipse
510 3571 539 3631 in
571 3571 629 3632 line
654 3567 799 3631 librorum
820 3570 856 3631 de
877 3571 1029 3646 natumst)
1052 3567 1202 3632 hominem

159 3665 334 3746 compellat,
365 3684 434 3748 quo·
447 3677 545 3733 utatur
565 3670 810 3748 familiarissime,
841 3671 983 3750 cuiusque
1005 3675 1035 3729 et
1057 3669 1201 3730 exhorta.

158 3767 290 3854 tionibus
322 3773 352 3827 et
382 3766 514 3830 sollertia
534 3770 604 3834 illud
626 3787 699 3850 opus
722 3771 889 3832 inchoatum
909 3787 945 3832 oc
965 3766 1130 3848 perlectum
1154 3769 1201 3829 sit.

161 3865 254 3940 Quem
277 3872 374 3931 autem
397 3866 486 3943 dicat,
508 3869 639 3951 ignotum
657 3876 718 3932 est.
763 3869 864 3932 Petrus
886 3869 1001 3932 Alixius
1023 3883 1089 3930 eum
1111 3865 1203 3928 luisse

161 4011 466 4032 Ἦ*

215 4094 246 4162 a)
265 4097 300 4152 er.
318 4097 414 4154 raom.
436 4097 512 4154 esre.
532 4070 552 4153 1}
572 4101 612 4154 se.
629 4100 698 4168 eng.
718 4099 817 4152 retum.
837 4113 863 4169 p.
885 4095 909 4150 a.
931 4123 966 4144 .-

215 4195 245 4267 ε)
264 4199 296 4264 v,
313 4201 354 4256 no.
374 4230 406 4246 -
