3014 4950
1165 427 1206 490 37

246 610 348 690 ltaque
369 603 428 665 lroc
451 601 545 664 sulum
570 601 626 680 ipsi
646 597 795 681 agendum
817 599 882 674 luit,
905 605 936 662 ut
956 602 1105 682 geminum
1128 601 1206 664 illam

162 707 476 794 praedestinationem,
499 719 575 781 quae
599 703 636 764 ab
657 702 809 764 lliucmari
826 701 1002 782 l’ardulique
1025 703 1224 766 aduersariis

163 810 398 882 defendebatur,
435 803 553 866 idoneis
575 803 757 884 argumentis
785 809 991 883 expugnaret,
1022 802 1070 864 sin
1100 803 1207 882 miuus,

162 908 393 976 Gulhesualcum
406 923 440 966 re
456 921 529 966 vera
541 902 964 992 praedestinatianaehaeresi
978 901 1098 966 affinem
1114 901 1206 966 fuisse

162 1010 347 1074 ostenderet.
390 1005 443 1066 llis
480 1005 570 1084 igitur
607 1005 637 1064 iu
663 1003 757 1064 rebus
793 1021 850 1082 qua
883 1002 1039 1083 diligentia
1068 1003 1206 1066 versnlrls

161 1113 272 1188 f'ucrit,
302 1106 391 1188 paulu
423 1105 591 1168 accuratius
623 1121 846 1184 persequemur.
890 1104 974 1178 Quae
996 1110 1093 1186 aulem
1115 1123 1208 1185 prae-

162 1219 250 1273 terea
274 1209 310 1270 de
330 1207 413 1271 Sculi
437 1205 524 1282 libro,
549 1206 597 1285 qui
620 1222 700 1266 nuuc
722 1206 751 1265 in
773 1206 885 1268 nostris
902 1211 949 1267 cst
970 1205 1118 1284 manibus,
1139 1225 1205 1270 une·

165 1314 280 1372 moratu
300 1307 390 1388 digna
411 1304 578 1380 uideantur,
603 1322 638 1365 en
662 1304 804 1384 deinceps
827 1304 1051 1386 explicabimus.

243 1409 289 1470 De
310 1405 511 1471 Gntbescnlco
533 1404 606 1467 nibil
629 1404 788 1482 dubitatur,
812 1407 882 1486 quin
906 1405 1103 1484 „diabolicum
1127 1403 1205 1466 istud

163 1510 290 1590 dogma“
315 1507 403 1584 fucrit
436 1505 628 1585 amplexatus.
669 1505 810 1586 Legimus
841 1507 972 1581 enim¹⁵)
1000 1522 1056 1582 ,ex
1090 1504 1207 1567 Gotho-

162 1610 253 1672 scalci
266 1610 414 1672 sententia
438 1607 512 1668 duas
533 1623 602 1667 esse
623 1607 653 1667 in
679 1605 737 1668 deo
758 1597 1059 1686 praedestinationes,
1081 1607 1205 1668 alteram

162 1711 319 1784 bonorum,
349 1705 492 1768 rualorum
515 1705 653 1766 alteram:
687 1704 763 1767 illius
786 1712 894 1768 coactu
913 1705 987 1783 fieri,
1016 1713 1048 1769 ut
1068 1723 1126 1768 uua
1147 1707 1207 1768 bo.

159 1811 271 1872 minum
302 1825 375 1888 pars
407 1812 491 1868 recte
525 1807 605 1868 vivat
633 1812 721 1885 atque
753 1790 790 1868 ed
813 1813 966 1868 aeternnm
990 1804 1205 1868 beatitudinem

158 1911 334 1992 perveniat,
366 1907 450 1970 buius
479 1909 661 1969 necessitate
691 1907 872 1970 ineluctabili
894 1908 1017 1971 alterum
1037 1907 1203 1970 mortalium

157 2018 278 2092 partem
310 2017 340 2072 et
372 2008 505 2088 improbe
537 2009 640 2070 vivere
662 2009 742 2069 etin
767 2015 920 2070 aeternnm
943 2011 1098 2072 incurrere
1122 2008 1205 2070 cala-

158 2115 320 2176 mitatem<
341 2146 380 2161 ψ
399 2111 518 2173 Summa
542 2109 619 2171 adeo
643 2127 707 2171 cum
729 2109 936 2189 indignatione
957 2109 1152 2170 acerbissima
1173 2107 1203 2168 in

160 2212 388 2278 Golhescalcum
412 2211 549 2272 convicia
571 2212 745 2292 ingeruntur
757 2209 807 2286 ¹⁶).
830 2247 869 2260 -
900 2207 1082 2289 Quamquam
1106 2214 1204 2268 auteur

156 2317 250 2381 Scuto
273 2311 303 2375 id
321 2312 450 2373 maxime
471 2311 664 2390 spectandum
689 2310 753 2386 l'uit,
777 2317 809 2371 ut
830 2308 979 2392 infelicem
1001 2309 1081 2370 illum
1103 2307 1204 2368 homi-

157 2434 226 2480 nem
247 2414 319 2476 lauti
341 2413 453 2476 erroris
476 2418 657 2493 coargueret
678 2412 787 2492 polius,
810 2429 897 2493 quam
912 2417 1081 2490 accusaret,
1102 2417 1203 2470 tamen

159 2533 199 2576 ne
219 2513 399 2576 leuissimum
424 2511 542 2591 quidem
568 2518 782 2592 argumentum,
815 2530 873 2592 quo
896 2512 954 2573 huc
974 2513 1005 2574 iu
1026 2529 1060 2574 re
1083 2513 1202 2592 patroni

160 2615 289 2696 partibus
310 2612 510 2688 satisfaceret,
530 2603 666 2691 proferre
689 2611 810 2674 studuit.
842 2612 948 2674 Tenerr'
972 2611 1200 2675 Gotbesculcum

157 2713 449 2795 praedestinatianae
472 2710 607 2773 haeresis
630 2711 716 2792 culpa
737 2731 883 2794 nusquam
907 2713 1104 2792 demonstrat,
1125 2730 1202 2776 nus-

158 2833 244 2894 quam
265 2831 327 2874 non
351 2819 462 2891 crepet.
484 2849 524 2859 -

239 2915 302 2978 Nec
325 2913 422 2974 minus
453 2913 483 2973 in
518 2911 613 2974 altero
647 2912 717 2991 illo,
756 2913 836 2992 quod
864 2909 957 2978 Scotu
985 2915 1198 2995 perficiendum

151 3014 248 3076 fuisse
280 3013 468 3087 monuimus,
503 3030 623 3076 suorum
652 3015 836 3094 exspectatio
871 3023 917 3078 est
947 3015 1082 3096 decepta.
1124 3017 1196 3078 Nam

154 3115 211 3174 etsi
245 3113 405 3176 fortissime
433 3111 577 3174 adversus
600 3114 785 3194 geminarum
808 3115 1111 3207 pgaedestinationum
1131 3123 1198 3178 ter-

153 3212 247 3274 riculn
270 3213 433 3292 proeliatus
457 3203 513 3285 est,
541 3220 638 3274 tumen
660 3213 730 3274 illud
756 3220 877 3293 lautum,
908 3215 988 3294 quod
1011 3234 1068 3278 uec
1089 3234 1197 3279 curare

156 3313 268 3389 debuit,
290 3315 368 3376 iuste
385 3313 584 3394 impugnavit,
615 3313 684 3375 illud
708 3321 822 3392 autem,
847 3315 927 3395 quod
948 3318 1068 3396 proprie
1088 3323 1196 3396 peten-

153 3411 225 3474 dum
246 3412 315 3486 fuit,
346 3415 397 3474 vix
419 3415 533 3474 curavit
554 3431 590 3474 ac
611 3414 748 3492 plumbeo
772 3414 890 3492 solum,
919 3421 949 3478 ut
971 3417 1072 3494 aiunt,
1093 3415 1195 3496 gladio

149 3513 268 3574 invasit.
313 3512 392 3573 lustc
415 3514 494 3575 eninr
516 3513 700 3594 impugnavit
721 3514 802 3593 illud,
830 3516 909 3595 qnod
931 3515 1106 3578 Hincmarus
1128 3536 1195 3579 cum

151 3612 214 3674 suis
247 3612 277 3672 in
313 3611 511 3674 Gotlnescalco
545 3612 755 3692 damnaverat3
793 3617 913 3696 proprie
948 3616 1106 3696 petendum
1141 3617 1195 3680 fuit

149 3710 239 3790 illud,
270 3713 349 3792 quod
380 3713 609 3776 llincmarianae
627 3716 718 3794 partis
741 3715 906 3779 adversarii
930 3716 960 3777 in
983 3715 1194 3796 Golbescalco,

157 3863 466 3876 Ἥ

186 3943 232 4006 15)
252 3943 286 3994 cf.
304 3960 362 4012 cap.
383 3945 404 4006 l,
430 3943 452 4016 ς.
473 3943 507 4009 43
536 3961 594 4014 cap.
614 3945 660 4006 tv,
682 3944 704 4014 Ι.
728 3945 741 3996 1
761 3962 819 4016 seq.
842 3955 869 3999 et
887 3949 994 4017 passim.
1095 4011 1100 4023 Ι
1166 3989 1171 3997 .

187 4029 231 4098 16)
250 4030 284 4082 cs.
302 4048 437 4099 prooem.;
463 4031 564 4102 cap.„l,
596 4030 618 4102 §-
638 4029 715 4095 2,4;
742 4047 799 4102 cup.
822 4031 859 4096 ll,
880 4033 901 4105 §.
923 4034 953 4101 15
985 4050 1042 4104 cap.
1060 4033 1106 4098 ΙΙΙ,
1125 4019 1146 4105 5.
1165 4030 1191 4094 b,

248 4118 270 4189 Ι.
286 4119 317 4184 53
336 4135 395 4189 cap.
416 4118 458 4182 xl,
478 4118 499 4190 §
518 4118 548 4185 2,
567 4117 632 4187 epil.
655 4118 676 4186 5.
699 4117 723 4168 3.
