3010 4946
644 675 673 743 p.
696 665 746 724 ee.

257 824 319 886 'lali
344 823 434 904 igitur
457 819 582 882 artificio
604 820 723 892 Scelus,
746 815 889 897 quidquid
909 832 1017 880 sacrae
1033 813 1215 894 scripturae,

168 920 310 1005 quidquid
330 922 488 988 doctrinae
511 919 692 983 christianae
717 919 746 980 in
771 919 863 998 ipsius
884 914 1103 998 philosophiam
1136 913 1214 975 inci·

172 1023 231 1101 dit,
261 1024 326 1086 sere
358 1023 552 1103 depravatum
588 1021 688 1083 babel.
740 1019 803 1082 Hac
835 1019 915 1080 enim
945 1017 975 1078 in
996 1033 1031 1078 re
1056 1012 1216 1078 admodum

171 1125 229 1186 sibi
258 1130 484 1206 consentaneus
517 1121 580 1184 luit.
638 1119 724 1198 Quod
756 1118 932 1182 luculentius
954 1119 1042 1180 eliam
1064 1115 1217 1197 probaturi

171 1242 258 1306 quam
280 1225 408 1288 maxime
433 1222 692 1302 operaepretium
715 1221 827 1285 iecisse
841 1220 987 1296 videmur,
1010 1218 1036 1280 si
1056 1216 1117 1294 illa,
1139 1232 1217 1300 quae

171 1326 209 1386 de
232 1325 401 1404 lucipinum,
429 1322 537 1388 Ademi
568 1320 653 1402 culpa
688 1321 889 1402 perditorum,
917 1318 1145 1402 redemptione,
1179 1315 1217 1380 de

170 1431 315 1506 peccato,
347 1425 385 1488 de
412 1423 530 1505 peccati
557 1440 657 1503 poena
688 1421 856 1499 docentur,
875 1420 979 1501 paucis
1000 1418 1143 1482 adstricta
1163 1433 1217 1480 re-

170 1524 334 1589 tulerimus.

642 1703 672 1772 e.
694 1689 744 1754 se.

252 1847 387 1928 „Omnis
408 1863 487 1927 quae
508 1861 548 1908 en
571 1863 663 1908 ceusu
688 1848 835 1908 omninum
858 1844 904 1920 (ir.
927 1861 954 1906 e.
978 1839 1135 1920 vetuere,
1169 1839 1218 1904 vet

171 1949 341 2030 unigenitus
377 1946 427 2010 dei
458 1945 535 2011 lilius
566 1946 617 2024 [ei.
643 1955 672 2024 s.
707 1945 868 2029 ott-301)
896 1952 944 2025 „et
966 1962 1007 2007 ex
1028 1943 1128 2006 causis
1151 1939 1217 2022 pri-

169 2048 376 2127 mordialibus,
398 2048 428 2110 in
453 2063 489 2109 ea
514 2047 695 2124 constitutis,
716 2045 892 2126 procedunt,
914 2081 955 2094 -
968 2079 1009 2102 ψ·
1022 2042 1216 2118 vilescerent,

170 2151 231 2214 iuro
252 2151 339 2214 etiam
360 2148 478 2228 penitus
498 2148 641 2227 perirent,
662 2148 689 2210 si
711 2146 749 2208 ad
771 2146 981 2208 lontcmsmun
1003 2143 1104 2208 redire
1116 2157 1216 2222 neque

170 2257 303 2331 possent,
326 2267 425 2329 neque
447 2248 608 2310 redirent«
629 2247 681 2326 (V,
704 2245 772 2324 36.)
795 2283 834 2294 -

262 2351 361 2427 „Deus
392 2351 510 2429 itaque,
543 2349 599 2410 Dei
627 2349 773 2426 verbum,
794 2347 824 2408 in
839 2333 908 2427 'quo
932 2346 1031 2407 omnia
1055 2344 1132 2408 lacta
1149 2349 1219 2406 sunt

171 2449 332 2512 causaliter
345 2450 561 2526 etsubsistunl,
584 2447 748 2510 secundum
770 2466 853 2510 suam
876 2447 1059 2510 divinitatem
1082 2445 1216 2508 descen·

170 2550 214 2612 dit
253 2549 284 2610 in
315 2565 490 2626 causarum,
523 2566 600 2627 quoe
631 2551 660 2610 in
699 2551 766 2629 ipso
797 2548 982 2627 subsistunt,
1015 2544 1151 2624 effectus,
1183 2545 1216 2608 in

170 2652 258 2714 istum
280 2648 423 2712 videlicet
445 2650 619 2717 sensibilem
641 2650 808 2712 mundum.“
830 2684 870 2698 -

259 2750 363 2829 „Quod
396 2747 553 2835 humanam
584 2757 696 2813 tentum
720 2751 881 2831 assumpsit
900 2754 1053 2812 neluram“
1075 2749 1111 2824 (i.
1134 2764 1163 2810 o.
1179 2745 1216 2817 in

171 2851 329 2914 burnanam
365 2856 478 2913 tantum
515 2857 651 2914 naturam
683 2851 864 2930 descendit)
894 2852 981 2932 „ideo
1016 2851 1127 2914 lautum
1158 2855 1216 2928 est,

172 2951 252 3033 quod
284 2953 315 3012 in
346 2950 468 3014 bomine
505 2953 602 3014 omnis
627 2957 657 3012 et
677 2952 805 3014 visibilis
826 2959 857 3016 et
879 2952 1038 3015 invisibilis
1059 2953 1216 3013 erratuum

172 3053 279 3126 [bomo
301 3050 441 3115 videlieet
464 3070 503 3112 er
526 3053 627 3114 eninm
649 3058 679 3114 et
699 3069 828 3133 corpore
853 3060 970 3116 constat
1000 3051 1053 3132 [ci.
1076 3049 1216 3133 „dodim

172 3160 231 3217 nat.
256 3153 289 3229 ΙΙ,
313 3153 335 3212 3
356 3151 475 3236 seqq.])
501 3155 698 3232 conitentes„
721 3191 761 3204 -

253 3251 436 3330 „descendit
459 3258 566 3330 ,autern
589 3251 718 3314 Verbum
739 3253 795 3326 Dei
819 3271 881 3314 nou
899 3252 1002 3317 ‘eliam
1024 3254 1068 3314 ob·
1085 3267 1217 3328 causam,

172 3383 211 3398 ·-
233 3352 291 3414 uisi
315 3359 348 3418 ut
376 3369 545 3426 causarum,
568 3368 642 3432 quas
661 3352 827 3414 secundum
848 3371 932 3415 suain
958 3353 1142 3415 divinitatem
1163 3368 1217 3412 ae·

171 3451 326 3514 ternaliler
349 3461 379 3514 et
400 3453 683 3516 incommutabiliter
705 3453 807 3537 habet,
825 3455 991 3516 secundum
1012 3472 1096 3517 suem
1110 3453 1219 3516 burna-

171 3551 291 3611 nitatem
313 3551 438 3616 effeetus
461 3553 611 3632 solveret,
633 3555 722 3635 inque
744 3572 815 3638 suas
839 3573 946 3618 causes
967 3564 1147 3636 revocaret,
1170 3562 1219 3618 ut“

172 3649 329 3728 (effectus)
351 3653 397 3729 „in
421 3655 512 3733 ipsis“
533 3655 667 3732 (causis)
692 3654 853 3734 „ineffabili
874 3655 1001 3736 quadem
1024 3657 1218 3735 adunatione,

172 3752 250 3812 sicul
286 3757 315 3812 et
342 3752 424 3830 ipsa“
456 3755 640 3828 (communis
674 3757 828 3829 omniurn)
860 3763 987 3836 „causa‘
1017 3758 1130 3836 (ipsum
1161 3757 1219 3819 Dei

172 3848 313 3930 Verbum)
343 3850 594 3930 „salvarentueu
623 3891 662 3906 -
700 3855 833 3936 „alant
867 3859 893 3918 si
926 3855 982 3918 Dei
1015 3855 1160 3936 supientia
1189 3859 1221 3918 in

174 3946 298 4012 effectus
329 3967 501 4028 causarum,
536 3971 613 4032 quae
641 3955 672 4020 in
702 3973 739 4018 ea
779 3953 972 4018 aeternaliter
1010 3949 1131 4032 vivunt,
1158 3952 1221 4017 non

173 4046 384 4129 descenderet,
407 4068 565 4113 causarum
580 4054 657 4114 ratio
678 4057 818 4134 periret;
839 4055 1030 4137 pereuntibus
1053 4056 1132 4116 eninr
1148 4072 1222 4116 eeu.

171 4149 451 4224 suruurelieetibus
484 4149 565 4216 nulla
597 4169 690 4220 causo
732 4162 912 4236 remaneret,
934 4157 1010 4220 siout
1030 4154 1224 4236 pereuntibus
