3014 4950
232 485 352 572 ‚aa

309 661 472 724 instituisse
493 660 627 737 videtur,
655 659 745 739 idque
766 678 820 739 per
842 659 1028 740 ililduinnm,
1061 665 1090 725 iu
1114 668 1295 729 monasterio
1324 685 1348 730 s.

309 762 446 842 Dionysii
471 762 618 838 abbatem,
648 778 713 822 eum
735 763 840 841 ipsum,
872 765 919 824 cui
941 765 1006 824 illos
1027 766 1194 827 servandos
1216 767 1352 828 tradide-

310 867 416 937 rat¹⁷).
461 861 524 922 llac
559 860 597 923 de
628 862 791 952 versione,
814 869 962 943 utcunque
996 865 1070 941 snit,
1104 884 1247 946 nusquam
1285 869 1351 928 lere

312 969 573 1025 commemoratum
595 969 660 1039 est3
694 981 805 1042 quaro,
842 965 961 1040 siluit,
998 974 1079 1028 certe
1100 968 1179 1029 nullo
1203 970 1231 1029 in
1253 969 1351 1048 pretio

309 1063 413 1125 haberi
436 1065 531 1143 potuit
547 1067 599 1140 18).
641 1062 743 1144 ltaque
767 1064 890 1126 Carolus
913 1065 1026 1143 calvus,
1048 1073 1080 1128 ul
1098 1075 1161 1130 erat
1177 1070 1351 1142 litterarum,

309 1164 471 1244 praecipue
495 1179 658 1239 sacrarum,
678 1163 776 1224 studio
798 1165 887 1226 unice
909 1165 1037 1244 dedituS,
1061 1185 1147 1246 quum
1171 1175 1276 1229 nactus
1296 1185 1352 1228 es-

308 1271 354 1326 set
369 1263 549 1344 Erigonam,
586 1262 734 1324 hominem
768 1271 888 1342 praeter
920 1265 1035 1327 solitum
1066 1267 1197 1345 graeca'e
1230 1268 1351 1348 linguae

308 1364 454 1444 peritum,
490 1363 731 1426 committendum
761 1381 822 1425 non
851 1351 984 1444 psslavit,
1016 1372 1047 1427 ut
1070 1384 1087 1426 a
1110 1366 1228 1428 fortuna
1253 1367 1354 1428 datam

310 1466 520 1541 occasionem,
550 1465 656 1526 iustam
686 1449 805 1526 tandem
828 1465 943 1527 illorum
964 1466 1105 1527 librorum
1130 1469 1354 1548 interpretatio-

309 1582 379 1626 nem
402 1564 459 1625 sibi
480 1565 685 1644 comparandi,
719 1565 889 1627 dimitteret.
932 1564 1129 1640 Quamobrem
1162 1585 1200 1630 eo
1232 1569 1352 1629 iubente

309 1665 440 1744 Erigena
477 1663 516 1725 ad
545 1665 639 1726 libros
672 1664 945 1747 Pseudo-Dionysii
977 1668 1007 1728 in
1038 1667 1158 1729 latinum
1181 1685 1352 1730 sermonem

310 1764 535 1828 convertendos
558 1767 686 1827 animum
707 1765 817 1828 adiecit
831 1769 883 1844 ¹⁹).
921 1768 1003 1841 Quos
1026 1775 1122 1829 autem
1146 1767 1222 1829 illius
1244 1774 1353 1830 aucto-

308 1868 351 1929 ris
373 1866 466 1927 libros
490 1865 581 1927 latine
603 1865 779 1943 reddiderit,
794 1869 875 1946 ipse
896 1867 1026 1948 Erigena
1050 1869 1199 1930 narratio
1224 1869 1351 1950 epistola

310 1967 494 2052 dedicatoria
520 1966 556 2027 ad
579 1966 714 2027 Carnium
738 1968 864 2046 scripta,
901 1985 987 2047 quam
1020 1968 1111 2029 latino
1134 1985 1188 2030 suo
1211 1971 1351 2050 Areopa-

308 2066 390 2147 gitae
411 2065 631 2145 praemisum:
654 2065 747 2128 libros
769 2064 807 2128 de
828 2065 997 2128 hierarchia
1022 2068 1158 2146 coelesti,
1181 2069 1218 2130 de
1231 2068 1350 2130 hierar-

310 2165 377 2228 chia
399 2165 622 2243 ecclesiaslica,
644 2166 682 2227 de
706 2166 814 2227 divinis
836 2167 1015 2244 nominibus,
1050 2166 1088 2229 de
1109 2167 1261 2251 theologia
1282 2185 1350 2249 my-

309 2269 395 2345 stica,
417 2272 573 2346 praeterea
596 2266 701 2328 decem
722 2266 875 2346 epistolas.

392 2368 457 2429 Hoc
486 2367 590 2428 labore
622 2365 758 2429 absoluto
786 2365 917 2448 Erigena
938 2367 1070 2429 eiusdem
1093 2370 1174 2450 regis
1193 2369 1275 2431 iussu
1297 2385 1352 2428 su-

309 2469 404 2549 scepit
423 2467 502 2530 illum
527 2468 667 2544 alterum,
693 2484 718 2528 s
739 2467 858 2529 Maximi
878 2466 997 2531 Scholia
1020 2489 1038 2530 e
1062 2487 1172 2550 graeca
1193 2468 1294 2548 lingua
1319 2470 1351 2530 in

308 2569 427 2631 latinam
461 2567 727 2645 transferendi21).
776 2570 872 2629 Facta
901 2569 992 2650 igitur
1026 2571 1116 2632 Scuto
1154 2558 1260 2630 nostro
1291 2569 1348 2631 hac

311 2670 474 2732 occasione
495 2668 611 2730 illorum
632 2668 774 2736 librorum
794 2670 900 2748 copia,
934 2687 1009 2749 quos
1031 2678 1061 2730 et
1082 2671 1167 2750 ipse,
1200 2676 1232 2731 ut
1260 2687 1347 2748 snpra

311 2777 388 2846 (not.
413 2769 467 2847 16)
490 2771 547 2834 iam
573 2769 815 2850 significavimus,
847 2770 983 2850 Dionysii
1006 2777 1036 2831 et
1056 2770 1185 2848 Maximi,
1219 2771 1347 2830 virorum

308 2878 500 2949 sanctorum,
524 2887 593 2932 csse
615 2870 753 2950 putabat,
788 2869 865 2932 adeo
887 2873 979 2952 ipsius
1003 2872 1156 2952 ingenium
1180 2877 1210 2932 et
1230 2875 1349 2951 propter

311 2973 495 3052 sapientiae,
542 2989 628 3050 quarn
662 2973 871 3050 continerent,
917 2972 1128 3052 praestantiam
1164 2977 1195 3032 ot
1230 2977 1350 3051 propter

311 3073 437 3148 illorum,
459 3073 509 3152 qui
530 3088 585 3133 eos
605 3072 854 3152 composuissent,
877 3073 1094 3148 auctoritatem,
1116 3072 1205 3134 abiis
1220 3072 1348 3133 illectum

307 3225 601 3240 -ι--ι-ι--ι-ι-ι-

347 3313 392 3380 17)
413 3313 447 3362 oi.
467 3311 679 3362 Stnudenmaier.
702 3329 728 3379 p.
751 3309 801 3363 163
822 3327 879 3380 seq.

346 3399 391 3463 18)
411 3399 445 3448 ei·
465 3398 623 3450 Standennr·
641 3417 667 3467 p.
690 3397 836 3450 163-164.

302 3550 306 3557 Ι
347 3485 393 3554 19)
414 3485 448 3535 ci.
471 3486 597 3553 litigenae
619 3485 712 3554 ipraes.
739 3485 773 3534 ad
800 3500 925 3535 conversa
954 3483 988 3534 ab
1013 3501 1097 3536 eo·s.
1127 3483 1236 3534 Maximi
1268 3483 1352 3534 Scho-

415 3575 451 3623 lia
472 3581 524 3622 cet.
544 3581 605 3631 eet,
626 3589 695 3641 quae
716 3571 847 3641 estapud
865 3571 961 3623 Thoar.
983 3570 1062 3622 Gale.
1082 3573 1112 3621 in
1131 3571 1206 3623 edit'
1224 3571 1283 3625 libr.
1314 3569 1348 3620 de

414 3660 468 3711 div.
488 3667 552 3718 nat,
574 3660 694 3728 Append.
717 3678 742 3726 p.
765 3661 786 3709 ll
806 3667 834 3711 et
851 3657 897 3709 Ill.
954 3665 955 3668 ’

345 3747 391 3809 90)
408 3745 485 3798 Edita
506 3755 547 3798 est
566 3745 632 3798 haec
650 3747 764 3818 epistola
783 3753 810 3798 et
830 3764 843 3796 a
863 3744 962 3798 Iacobo
980 3747 1087 3798 Ueserio
1107 3748 1135 3798 in
1154 3749 1232 3816 epist.
1251 3743 1349 3796 Hiber-

414 3835 531 3884 nicarum
554 3836 656 3902 sylloge
674 3863 707 3874 -
724 3835 804 3885 Paris.
824 3833 891 3885 1665
910 3831 966 3895 lto,
991 3851 1016 3901 p.
1036 3833 1070 3885 40
1090 3851 1155 3903 seq„
1175 3842 1202 3886 et
1219 3835 1247 3886 in
1268 3835 1350 3884 Areo-

415 3922 537 3990 pagiticis
556 3923 587 3983 (i.
608 3938 632 3971 e.
652 3921 776 3971 collectio
798 3919 971 3988 plurimarum
985 3923 1157 3988 antiquarum
1173 3921 1349 3990 Areopagitae

409 4009 592 4076 versionum),
620 4025 689 4077 quae
714 4007 784 4074 typis
811 4007 959 4075 descriptae
981 4007 1105 4076 prodiere
1124 4007 1217 4058 Colon.
1239 4004 1307 4059 1530
1323 4013 1350 4058 et

417 4095 484 4148 1536
505 4095 553 4146 iol.

227 4181 233 4191 '
344 4181 393 4250 21)
411 4182 446 4234 ei.
466 4182 570 4250 Erigen.
591 4181 639 4234 loc.
659 4197 737 4250 snpra
756 4185 825 4244 (not.
846 4179 891 4248 19)
910 4179 984 4232 laud.
1004 4210 1038 4221 -
