3014 4950
311 461 352 524 66

309 645 489 707 existimavit
502 643 681 717 Wulladum,
701 645 825 724 primum
841 645 1017 710 Remensem
1033 651 1222 726 canonicum,
1244 657 1347 731 postea

309 746 522 807 bituricensem
543 745 713 823 episcopum
727 749 779 821 1ο).
806 744 889 806 liano
903 746 993 808 Alixii
1010 749 1210 810 coniecturam
1223 749 1348 812 Schlue-

308 853 390 909 tenus
405 851 444 921 11)
468 851 498 905 ut
518 861 581 904 rem
606 843 776 906 confessam
801 846 923 924 recepit.

391 946 563 1019 Quaesitum
596 949 643 1004 est
673 944 782 1019 eliam,
825 944 1056 1024 nunr‘Erigena
1088 945 1218 1007 olerious
1250 945 1350 1019 suerit,

306 1061 414 1118 neone.
456 1043 573 1123 Negant
596 1043 727 1104 iliortios
744 1050 792 1119 12),
813 1043 940 1106 Thomas
961 1045 1075 1132 ltloore.
1088 1048 1140 1124 13),
1165 1046 1258 1110 Natat.
1272 1045 1350 1108 Ale-

303 1146 421 1207 xander
433 1147 484 1219 ¹⁸),
496 1143 681 1206 lllabillonius
693 1147 749 1220 11);
773 1144 1024 1208 verisimillimum
1039 1144 1350 1224 putnntlloekiushr,

305 1246 633 1321 Staudenmaierus¹lJ:
660 1243 785 1306 affirmat
805 1246 914 1321 („lieet
935 1246 983 1307 alii
1005 1245 1190 1322 dubitent“),
1220 1245 1349 1308 Sohlue-
1436 1237 1441 1256 “

305 1353 386 1407 leros
399 1351 449 1422 18).
493 1345 552 1407 Sed
573 1347 622 1426 qui
645 1352 767 1433 negant,
791 1345 881 1407 multo
903 1349 1010 1427 magis,
1033 1364 1120 1426 quarn
1137 1347 1185 1426 qui
1200 1346 1351 1408 affirmant

305 1446 527 1523 affirmarlntve,
550 1446 640 1508 rebus
659 1447 750 1507 certis
774 1446 919 1526 lactisque
943 1449 1081 1516 nituntur.
1101 1446 1139 1508 lli
1154 1447 1244 1523 enim,
1269 1463 1348 1526 quae

304 1553 475 1627 sequantur,
498 1547 529 1607 in
552 1563 588 1606 eo
611 1549 708 1625 posita
729 1563 797 1607 esse
823 1547 934 1624 dieunt,
957 1548 1037 1626 qood
1051 1549 1159 1611 Scotus
1175 1545 1349 1627 theologiae

305 1665 341 1708 ao
360 1646 567 1726 philosophiae
589 1646 686 1708 studio
710 1646 798 1708 unice
821 1646 938 1711 deditus
961 1647 1070 1726 lherit,
1106 1661 1251 1727 eumque,
1283 1651 1350 1708 orla

306 1746 344 1808 de
367 1746 458 1810 rebus
480 1744 658 1827 theologicis
681 1748 764 1823 rixa,
798 1747 845 1809 vel
879 1747 1032 1827 episcopi,
1067 1754 1100 1811 ut
1127 1765 1210 1810 suam
1233 1746 1350 1809 deillis

302 1849 479 1911 sententiam
508 1853 708 1927 proponeret,
743 1849 929 1926 rogaverint3
965 1847 1057 1908 bnsoe
1088 1855 1185 1909 autern
1218 1865 1268 1910 res
1297 1848 1348 1910 illo

304 1954 413 2026 aetate,
445 1947 503 2008 nisi
523 1947 553 2007 in
576 1946 698 2007 homine
722 1945 844 2024 elerico,
879 1948 929 2030 vin
952 1953 1002 2008 aut
1023 1964 1062 2008 ne
1082 1949 1133 2010 vix
1152 1947 1270 2028 quidem
1291 1965 1349 2010 usu

305 2047 399 2109 fuisse
421 2052 571 2108 venturas.
614 2045 706 2119 Quasi
727 2062 812 2123 vero,
834 2047 883 2126 qui
905 2053 976 2109 lune
996 2045 1094 2125 aliquo
1117 2064 1200 2125 casu,
1224 2047 1348 2108 lorsitan

304 2148 370 2228 ipsa
391 2154 496 2210 natura
517 2147 644 2224 serente,
666 2146 696 2208 in
716 2146 828 2208 scholis
851 2147 889 2208 ad
912 2146 1118 2228 philosophiae
1133 2153 1163 2208 et
1177 2146 1349 2228 theologiae

303 2249 401 2312 studia
425 2247 540 2311 delatus
562 2267 597 2309 ea
621 2247 809 2324 adamasset,
832 2254 864 2309 ut
897 2248 926 2310 in
960 2250 997 2311 iis
1020 2254 1187 2329 perstaret,
1219 2248 1347 2310 clericus

306 2347 460 2411 debuisset
480 2347 631 2438 euaderet
654 2382 695 2394 -
716 2346 1003 2428 Episcoposautem
1024 2347 1091 2409 illos
1112 2347 1348 2428 lumlirigenarn

306 2449 418 2510 adiisse
439 2453 566 2521 constal,
589 2465 687 2527 quum,
707 2447 798 2509 rebos
819 2449 881 2514 suis
903 2447 1059 2510 admodum
1079 2447 1223 2528 angustis,
1246 2465 1264 2508 a
1287 2462 1346 2526 quo

306 2548 550 2625 defenderentur,
576 2551 626 2609 vix
646 2547 790 2610 haberent
814 2566 1002 2630 quemquam.
1045 2547 1144 2621 Quare
1173 2564 1229 2609 nos
1250 2547 1348 2627 magis

308 2649 400 2712 altera
424 2649 473 2712 illa
493 2650 570 2712 ratio
592 2656 707 2711 movet:
729 2649 819 2730 idque
841 2649 889 2711 vel
910 2650 969 2711 boo
990 2648 1054 2712 solo
1079 2648 1117 2710 de
1131 2647 1235 2724 causa,
1257 2645 1350 2727 qood,

307 2751 365 2812 etsi
386 2749 444 2830 illis
467 2749 648 2828 temporibus
670 2765 753 2810 more
776 2749 831 2810 luit
850 2755 1020 2830 receptum,
1054 2753 1106 2824 ut,
1138 2749 1187 2826 qui
1219 2745 1347 2822 aliquem

309 2849 466 2912 clericatus
488 2847 614 2929 gradum
634 2848 821 2923 obtinuisset,
843 2848 1030 2918 continenter
1057 2845 1122 2906 fere
1155 2860 1192 2903 eo
1224 2840 1346 2903 nomine

308 2949 526 3031 appellaretur,
561 2949 668 3010 Soolus
690 2954 789 3010 larnen
809 2964 867 3010 neo
890 2947 927 3010 ab
950 2946 1015 3009 aliis
1047 2943 1262 3023 scriptoribus,
1299 2939 1350 3022 qui

345 3182 390 3250 10)
408 3181 443 3233 ct.
461 3179 557 3232 Thom.
577 3177 652 3230 Gale.
672 3176 681 3227 l
703 3191 725 3226 e.
743 3174 860 3244 append.
879 3192 907 3244 p.
925 3175 1011 3230 80.-
1034 3172 1214 3226 DoWulfado
1233 3173 1265 3225 ol.
1283 3171 1349 3224 hist.

414 3269 466 3320 litt.
485 3267 519 3318 do
538 3266 565 3318 la
584 3266 626 3316 Fr.
645 3273 708 3317 torn.
730 3262 763 3327 V,
781 3280 808 3334 p.
828 3261 889 3317 tlt.

346 3375 392 3442 11)
411 3372 446 3425 ol.
465 3369 487 3422 1.
507 3368 627 3435 Saurig
653 3383 680 3436 p·
699 3365 759 3419 592.
780 3397 816 3410 -
928 3395 931 3402 ι

347 3476 393 3543 12)
410 3475 444 3526 el.
465 3473 486 3525 l.
504 3471 546 3530 Sc.
564 3472 634 3540 Erig.
653 3487 680 3541 p.
697 3470 742 3524 46.
765 3497 798 3512 -

345 3581 391 3643 13)
410 3561 516 3631 ct‘htrt
528 3577 559 3628 of
567 3575 628 3628 lral.
646 3575 701 3627 vol.
720 3574 741 3626 1.
751 3591 774 3630 c.
795 3572 836 3625 13.

348 3679 393 3748 111)
411 3683 445 3734 of.
462 3682 602 3733 Dirrortot.
623 3673 733 3731 iltuto
751 3677 815 3729 hist.
835 3677 930 3730 eccles.
949 3690 1017 3727 saue
1031 3673 1067 3726 lx
1088 3679 1117 3726 et
1136 3672 1168 3725 tl.
1187 3670 1208 3742 §-
1230 3670 1250 3720 l.
1270 3685 1298 3721 rr.
1316 3666 1350 3721 11.

349 3788 394 3858 15)
414 3786 448 3838 es.
467 3785 532 3837 Aera
551 3781 649 3836 Bened.
668 3797 736 3835 saec.
752 3781 800 3862 lv.
818 3785 847 3852 pi
864 3779 897 3832 ll.
915 3795 976 3850 pag.
995 3777 1061 3847 tto,
1078 3776 1168 3829 annal.
1185 3771 1285 3826 lioned
1303 3771 1351 3824 lib.
1375 3853 1378 3858 Δ

421 3871 562 3927 lllllllllll.
582 3888 608 3923 n.
627 3871 669 3924 72.

350 3977 396 4047 16)
414 3978 447 4030 ct.
464 3975 605 4046 preurer.
623 3978 756 4028 honneur.
776 3971 840 4025 sere.
857 3969 924 4026 xil
944 3988 972 4043 p.
988 3969 1032 4024 36.

352 4083 397 4150 11)
416 4082 449 4133 ct.
467 4079 488 4133 l.
508 4080 577 4134 Soet.
595 4078 663 4148 Erip.
682 4096 710 4149 p.
732 4075 791 4130 124.

351 4185 396 4255 18)
415 4185 450 4237 el.
471 4184 493 4237 1.
511 4183 582 4244 Soet,
604 4182 675 4253 Erig.
694 4199 721 4253 p.
740 4179 787 4234 lil.
805 4207 839 4226 ‹-
