3014 4950
1146 457 1189 525 lo

230 641 492 721 „Quotiescunque
532 653 610 718 ergo
637 636 775 698 dicuntur
804 635 1019 715 praedestinati
1052 635 1190 698 homines

147 743 250 824 impii,
277 758 413 822 quaeque
435 738 473 800 ad
497 755 553 800 eos
573 739 743 817 pertinent,
777 735 978 817 pulcherrimo
1000 739 1030 798 et
1050 735 1191 800 saluber-

145 823 297 912 rimoillo
319 840 540 906 contrarietatis
562 837 662 898 modo>
675 835 928 916 interpretandum
946 841 1020 899 εει.ιι
1044 873 1082 884 -

230 943 285 1004 Αι,
299 943 330 1002 in
364 941 452 1006 bonis
484 938 652 1008 bominibus
675 955 839 1016 eorumque
861 937 971 1006 uirtute
989 953 1028 998 ac
1049 937 1191 1016 praemiis

145 1059 197 1106 res
219 1059 314 1104 secus.
328 1057 398 1102 sese
419 1040 519 1101 babet.
563 1039 644 1103 llaec
664 1045 694 1099 et
716 1055 788 1098 vere
810 1043 893 1114 sunt,
927 1043 958 1099 et
986 1055 1003 1098 a
1031 1037 1090 1100 deo
1110 1037 1189 1098 lacta

145 1151 225 1223 sunt,
248 1151 278 1206 et
300 1143 338 1204 ab
358 1141 471 1204 infinita
493 1139 542 1200 dci
565 1137 773 1201 benevolentia
791 1139 930 1220 etgratia
948 1139 1065 1200 dantur.
1089 1140 1190 1212 Quare

147 1244 255 1306 borum
273 1241 508 1324 praedestinatio
530 1256 602 1302 vere
633 1257 670 1300 ac
699 1239 818 1318 proprie
840 1237 900 1301 dici
930 1244 1046 1318 potest,
1082 1256 1193 1318 neque,

150 1361 238 1424 quum
259 1362 275 1405 a
298 1361 322 1406 s.
352 1341 504 1420 scriptura
524 1345 554 1400 et
574 1357 592 1400 a
611 1356 636 1400 s.
657 1355 683 1400 s.
705 1337 838 1418 patribus
861 1338 996 1416 docetur,
1020 1356 1043 1400 a
1066 1343 1192 1400 eontra-

152 1445 199 1506 rio
220 1450 266 1506 εει
286 1440 527 1522 accipiendalit.
552 1471 590 1486 -·

159 1569 164 1580 ·
205 1595 208 1604 .
234 1543 406 1622 Priusquam
429 1547 528 1602 tamen
558 1539 595 1600 ad
629 1538 742 1619 reliqua
771 1555 946 1619 pergamuS,
976 1539 1192 1604 subiiciendum

150 1641 270 1710 videtur
290 1641 482 1722 disputationi
510 1645 652 1716 nostrae,
688 1638 768 1718 quod
800 1639 908 1702 Scotus
947 1640 1073 1704 subiecit
1104 1660 1193 1719 suae3

151 1745 330 1805 sententiam
352 1741 480 1814 dicimus
499 1739 538 1802 de
558 1739 629 1821 igne
654 1745 777 1800 aeterno
800 1739 877 1818 apud
896 1739 1021 1802 inferos.
1062 1741 1116 1803 Est
1137 1761 1194 1804 au-

46 1846 51 1856 '
150 1849 210 1904 tem
231 1843 326 1918 hacc;
350 1841 451 1920 ,llaud
472 1839 561 1902 facile
583 1838 795 1918 credipotest,
817 1839 904 1900 alium
919 1857 986 1902 eum
1000 1857 1079 1916 esse,
1101 1859 1195 1922 prae-

149 1949 198 2006 ter
219 1945 334 2022 ipsum,
367 1942 414 2021 qui
446 1947 492 2002 est
526 1947 660 2019 quartum
692 1939 794 2002 muudi
828 1939 1015 2004 elementum.
1059 1943 1121 2006 Nec
1145 1943 1196 2004 in-

151 2059 293 2124 congrue
313 2041 503 2122 credendum,
524 2041 603 2120 quod
628 2055 755 2119 corpora
777 2047 949 2102 sanctorum
970 2043 1002 2103 in
1022 2041 1210 2106 aetheream·

149 2143 341 2206 mutabuntur
359 2142 547 2222 qualitatem,
582 2157 658 2220 quae
693 2139 731 2215 ab
754 2139 812 2202 alia
834 2142 969 2206 consumi
992 2158 1053 2204 non
1076 2149 1193 2222 potest;

149 2244 309 2323 impiorum
329 2260 403 2304 vcro
426 2259 555 2322 corpora
579 2242 609 2309 in
631 2244 751 2302 aeream
773 2241 942 2320 qualitatem
964 2245 1136 2321 transitura,
1164 2251 1195 2306 ut

151 2343 191 2404 ab
214 2343 369 2421 superiora
389 2341 461 2422 igne
481 2341 639 2420 patiantur.
682 2339 757 2416 llipc
779 2347 836 2418 est,
865 2340 946 2420 qnod
969 2339 1105 2404 diabolus
1128 2349 1196 2423 post
1225 2424 1226 2427 Ἴ

149 2443 263 2522 lapsum
286 2441 423 2502 detrusus
447 2441 484 2528 ab
506 2439 649 2502 aethereo
672 2439 788 2520 spatio,
822 2441 991 2506 adiunctum
1024 2449 1071 2505 cst
1095 2445 1123 2506 ei
1145 2444 1197 2506 iu·-

152 2543 214 2604 uito
235 2547 359 2612 aereum
382 2558 503 2621 corpus,
528 2543 559 2602 in
581 2558 639 2622 quo
661 2557 776 2624 poenas
799 2559 872 2602 suae
894 2543 1053 2622 superbiae
1073 2543 1195 2622 luctu)-

157 2642 267 2715 Quodsi
292 2643 341 2705 cui
362 2641 540 2704 incredibile
563 2641 691 2718 videtur,
711 2658 839 2722 corpora
859 2660 980 2723 semper
1001 2661 1118 2722 arsura,
1141 2662 1196 2709 ne.

155 2759 212 2822 que
247 2749 348 2807 tamen
382 2742 534 2821 peritura,
566 2742 668 2804 videat
700 2741 920 2807 salamandrum
942 2731 1064 2826 migne
1086 2747 1197 2823 vivum,

154 2843 258 2911 videat
280 2842 408 2922 lapidem
435 2841 666 2919 asbestum⁴⁵].“
687 2879 728 2891 -

211 2942 378 3013 ,Venimus
417 2960 497 3005 nunc
531 2941 569 3004 ad
597 2942 767 3006 disserendi
798 2942 1083 3025 demonstrandique
1106 2946 1196 3026 viam,

152 3031 370 3122 quam'Scotus
392 3041 504 3116 hocin
524 3043 600 3105 libro
623 3043 779 3124 ingressus
801 3051 856 3106 est.
887 3043 969 3108 llaec
989 3062 1064 3113 vero
1086 3048 1196 3126 exiis,

155 3159 233 3220 quae
250 3141 294 3230 ¹de
314 3142 404 3205 totius
425 3141 492 3204 libri
516 3149 690 3224 argumento
713 3145 936 3223 enarravimus,
973 3147 1045 3208 satis
1067 3145 1197 3212 fortasse

153 3242 289 3320 patuerit.
333 3241 467 3304 Vidimus
498 3242 589 3324 igitur
621 3244 713 3326 louge
746 3261 813 3306 eum
844 3245 901 3308 alia
923 3247 971 3309 via
994 3247 1196 3326 incedentem,

155 3356 245 3420 quam
262 3340 396 3422 reliquos
417 3343 481 3405 cius
501 3345 609 3406 aetatis
625 3344 794 3424 theologos,
816 3335 963 3429 quamque
977 3348 1071 3428 ipsum
1086 3346 1196 3410 decuit.

188 3606 239 3677 43)
258 3609 335 3660 Xl-
347 3610 414 3662 XlV.
451 3611 497 3662 Εει
518 3618 607 3664 autem
627 3617 698 3662 certe
716 3611 828 3674 mirum,
840 3613 886 3682 qul
906 3612 1005 3664 fuctum
1025 3613 1067 3674 sit,
1085 3620 1116 3663 nt
1132 3612 1198 3663 Sco·

253 3705 306 3755 tus,
326 3713 406 3766 quum
427 3697 555 3749 anulorum
575 3698 714 3749 homiuum
729 3699 1004 3768 praedestinationem
1020 3702 1196 3752 necessariam

261 3781 365 3851 ubique
387 3784 487 3837 dixerit
507 3802 588 3855 prave
609 3785 705 3852 agendi
725 3803 848 3849 cansam,
874 3795 1036 3839 nontamen
1057 3786 1090 3837 do
1110 3787 1197 3838 bono-

259 3885 317 3919 rum
335 3870 474 3923 hominum
493 3871 738 3941 praedestinalicne
757 3881 883 3944 tauquam
902 3875 1052 3932 neccssaria
1068 3874 1139 3927 bena
1156 3875 1198 3926 vi-

259 3957 340 4010 vendi
361 3975 440 4010 eausa
459 3959 621 4026 cogitaverit.
640 3989 673 3999 -

188 4059 238 4128 44)
258 4061 307 4112 llic
324 4079 403 4114 nemo
422 4079 478 4115 nou
496 4063 687 4125 ceruiniscetnr,
708 4063 857 4132 opinamur,
878 4063 1010 4132 Origeulr.

191 4164 239 4228 45)
258 4165 292 4216 cf.
303 4166 371 4230 xlx,
385 4168 439 4216 1-
448 4166 473 4218 b.
495 4167 578 4236 Supra
589 4173 679 4218 autem
690 4165 766 4230 dixit,
778 4167 860 4220 eclam
871 4167 1061 4220 conscientiam
1072 4167 1176 4238 punire.
