3014 4950
309 469 348 531 50

306 657 357 713 aut
376 652 507 731 ipsorum
535 648 669 731 periculo
699 652 750 710 aut
771 649 956 714 Christianae
983 651 1138 735 religionis
1168 652 1347 717 detrimento

306 753 477 834 legerentur
487 753 542 828 ⁵⁶).

389 851 520 931 Uterque
542 851 624 913 Secti
646 851 837 915 adversarius
859 850 966 914 eodem
988 853 1053 915 lere
1075 854 1165 916 modo
1187 871 1249 914 rem
1273 870 1350 934 ges-

304 952 351 1015 sit.
395 952 572 1014 Aretissime
604 958 691 1031 atque
726 969 781 1032 per
812 952 944 1032 singulas
972 971 1069 1033 paene
1099 954 1261 1016 sententias
1283 954 1350 1015 eius

304 1055 431 1135 vestigia
454 1058 623 1133 prementes
637 1053 771 1130 simulac,
792 1070 868 1132 quae
881 1072 898 1114 a
913 1071 986 1116 vero
999 1053 1162 1116 abhorrere
1178 1053 1349 1131 videantur,

305 1153 573 1235 deprehenderunt,
597 1170 633 1214 ea
653 1154 848 1215 acerbissime
870 1160 984 1215 notant
1027 1154 1058 1216 si
1086 1171 1142 1233 qna
1172 1154 1202 1214 in
1223 1170 1258 1214 re
1279 1152 1348 1214 dia-

303 1256 475 1319 lecticorum
491 1253 603 1334 regulis
618 1254 838 1333 repugnaverit,
860 1254 974 1335 regulis
990 1253 1165 1331 dialecticis,
1180 1253 1225 1314 sin
1238 1268 1348 1315 sacro-

302 1375 366 1420 rum
389 1354 547 1417 bibliorum
569 1352 624 1415 vel·
639 1360 752 1434 patrum
773 1354 1047 1417 ecclesiasticorum
1069 1355 1237 1418 auctoritati
1249 1355 1347 1416 minus

303 1454 510 1534 consenserit,
539 1452 644 1514 borum
671 1453 803 1532 ipsorum
837 1454 1012 1517 testimoniis
1034 1473 1101 1516 eum
1122 1453 1344 1538 aggrediuntur.

302 1557 427 1636 Saepius
439 1555 538 1631 etiam,
553 1571 629 1633 quae
644 1553 750 1616 Soolus
770 1554 979 1617 ratiocinando
997 1555 1155 1635 effecisset,
1169 1556 1346 1628 testimoniis

302 1657 586 1736 auctoritatibusque
608 1656 751 1735 oppositis
771 1655 956 1737 redarguere
978 1663 1133 1719 conantur.
1153 1657 1216 1720 Neo
1238 1657 1347 1719 desunt

300 1759 372 1836 loci,
390 1757 451 1834 ubi,
465 1757 509 1818 ira
523 1756 561 1818 ob
576 1756 639 1817 eius
651 1772 770 1817 errores
783 1755 907 1836 abrepti,
929 1758 1074 1819 conviciis
1088 1775 1155 1819 eum
1177 1757 1345 1820 dilacerare

300 1876 363 1921 non
386 1857 528 1920 dubitent.
558 1856 586 1919 S.
603 1854 720 1934 quidem
735 1855 919 1933 Prudentius,
943 1874 1001 1936 quo
1015 1857 1084 1920 loco
1098 1860 1344 1921 Scotusconten-

301 1959 405 2034 ditil).
419 1958 529 2035 ,Deum
541 1956 693 2034 praescire
706 1955 766 2016 dici
778 1973 868 2035 posse
880 1973 935 2036 pro
947 1958 1084 2018 nescire:
1101 1958 1140 2020 ita
1153 1959 1241 2022 etiam
1252 1975 1344 2038 prae-

301 2059 453 2122 destinare
476 2073 529 2137 pro
553 2071 613 2117 non
635 2056 878 2135 praedestinare“
893 2091 932 2107 -
955 2056 1013 2120 boo
1038 2058 1128 2120 modo
1151 2061 1181 2121 in
1205 2065 1272 2122 eum
1293 2061 1344 2121 in-

300 2160 436 2224 vehitur:
458 2157 501 2237 ,0
523 2157 675 2238 ingenium
698 2160 823 2219 venenis
843 2157 1005 2227 iniectum!
1027 2177 1046 2221 o
1067 2177 1188 2222 sensum
1208 2179 1343 2224 errorum

300 2261 434 2324 tenebris
451 2258 723 2338 incomparabiliter
737 2258 942 2321 obscuratum!
965 2277 1112 2341 nunquam
1129 2263 1236 2341 quippe
1253 2263 1343 2324 etiam

301 2360 521 2423 baereticorum
557 2356 697 2437 quislibet
731 2365 798 2420 ante
832 2365 861 2420 te
894 2360 974 2422 bunc
996 2361 1142 2424 nefarium
1162 2361 1342 2424 intellectum

299 2461 428 2523 admisit.
477 2456 578 2522 Nullus
611 2457 830 2521 Catholioorum
864 2459 968 2522 saltem
989 2468 1088 2522 mente
1110 2462 1266 2542 concepit,
1297 2467 1341 2526 ut,

300 2563 397 2626 Deum
415 2561 495 2622 seire
517 2575 570 2639 pro
593 2577 641 2635 eo,
662 2558 743 2638 quod
768 2565 814 2620 est
836 2562 973 2638 nescire,
995 2568 1025 2622 et
1042 2560 1268 2642 praedestinare
1286 2579 1341 2642 pro

302 2680 353 2740 eo,
375 2661 455 2741 quod
476 2665 523 2721 est
543 2677 602 2722 non
626 2660 862 2740 praedestinare,
883 2669 933 2722 aut
953 2661 1155 2744 intelligerent
1168 2662 1341 2725 autintelli·

303 2761 435 2844 gendum
455 2757 643 2821 suaderent.“
684 2759 782 2838 Atque
810 2761 965 2823 innumera
996 2759 1142 2824 eiusmodi
1164 2761 1242 2824 dicta
1263 2765 1292 2824 in
1314 2777 1338 2824 s.

215 2908 219 2916 .
304 2860 456 2925 Prudentii
477 2859 554 2921 libro
569 2859 766 2939 reperiuntur.
797 2859 936 2930 Ecclesia
955 2868 1052 2924 autem
1074 2861 1282 2944 Lugdunensis
1302 2879 1341 2924 ne

302 2968 409 3043 postea
431 2959 547 3040 quidem
570 2977 635 3021 oum
656 2951 747 3021 Scoto
770 2978 830 3023 non
854 2961 983 3023 bellavit.
1026 2963 1056 3025 S.
1080 2963 1158 3022 enim
1179 2962 1341 3044 Remigius,

305 3059 777 3141 archiepiscopusLugdunensis,
799 3078 886 3142 quum
911 3068 1066 3141 praeesset
1085 3062 1214 3124 concilio
1227 3062 1342 3123 Valen-
1416 3097 1418 3104 ·

304 3165 367 3226 tino
388 3161 483 3241 (quod
504 3177 583 3222 anuo
604 3160 748 3222 occctv
766 3180 783 3223 a
800 3161 1022 3241 quatuordecim
1044 3162 1192 3243 episcopis
1210 3162 1342 3224 habitum

305 3269 384 3340 est),
420 3267 453 3322 ut
482 3260 563 3322 Scoti
596 3260 729 3322 doctrina
752 3261 840 3322 etiam
863 3262 900 3322 ab
921 3260 978 3323 bac
999 3261 1116 3341 synodo
1142 3261 1342 3340 damnaretur,

307 3362 415 3424 ellecit.
458 3361 530 3424 Sunt
556 3361 646 3441 igitur
674 3363 705 3422 in
732 3361 819 3422 buius
850 3361 959 3441 synodi
990 3361 1155 3423 canonibus
1176 3373 1254 3424 ¹oum
1283 3360 1343 3424 alia

307 3463 451 3524 adversos
473 3462 592 3523 Scotum
614 3460 701 3538 dicta,
723 3467 782 3522 tum
800 3477 873 3522 vero
896 3461 1042 3538 baec⁵⁸):
1075 3459 1210 3540 ,ineptus
1245 3479 1343 3542 quae-

307 3561 468 3624 stiunculas
491 3567 521 3621 et
541 3553 752 3641 aniles'paene
774 3560 889 3622 fabulas
909 3561 1125 3638 scotorumque
1147 3561 1252 3639 pultes,
1282 3578 1340 3641 pu.

193 3713 195 3722 .
305 3663 384 3723 ritali
405 3661 474 3724 iidei
496 3678 636 3722 nauseam
658 3661 820 3722 inferentes
841 3697 882 3709 --
902 3696 942 3707 -
964 3670 1003 3720 ne
1024 3665 1139 3722 mentes
1154 3657 1350 3722 Christianae

306 3760 377 3823 inde
412 3768 636 3841 corrumpantur
669 3768 699 3822 et
725 3760 865 3822 excidant
898 3777 915 3820 a
945 3748 1132 3840 simplicitate
1150 3767 1180 3822 et
1202 3762 1341 3823 castitate

308 3923 609 3938 ——n—u-——a———t-

340 4007 388 4076 56)
407 4009 440 4059 el.
463 4008 561 4061 Eccles.
582 4007 663 4076 Lugd.
685 4007 733 4062 lib.
753 4008 838 4076 praef.
858 4009 875 4060 l.
888 4008 906 4059 l.
923 4024 949 4077 p.
967 4006 1018 4059 611
1039 4007 1073 4058 H.

217 4102 220 4108 '
340 4097 386 4164 57)
406 4095 439 4146 cf.
458 4113 478 4148 s.
497 4095 574 4146 Prud.
593 4096 609 4145 l.
621 4095 637 4144 Ι.
657 4112 682 4164 p.
703 4095 755 4147 519
773 4095 796 4146 Η
818 4111 874 4165 seq.

338 4183 385 4251 58)
407 4182 440 4238 cf.
460 4182 542 4234 Cone.
562 4175 667 4234 Volent.
687 4180 759 4250 apud
778 4181 874 4234 Mauri.
893 4183 911 4233 l.
925 4181 944 4232 Ι.
964 4187 1028 4232 tom.
1051 4176 1107 4240 xii,
1124 4175 1175 4227 col.
1198 4176 1210 4226 1
1236 4193 1293 4246 seq.
