3014 4950
332 439 373 502 58

332 619 502 682 contrarlal‘
525 655 561 668 -
578 619 596 681 ‘l
616 618 684 699 lpse
704 618 907 697 Lanlrancus,
938 617 1104 684 acerrimus
1125 620 1300 704 berengarii
1323 620 1381 684 ad·
1485 571 1487 702 l

333 719 496 798 versarius,
521 718 610 781 simili
638 719 756 781 ratione
781 719 899 782 locutus
926 725 1037 799 est⁸⁵).
1069 758 1109 770 -
1139 721 1194 783 Ubi
1226 721 1284 783 bec
1311 722 1381 784 loco

333 820 521 898 Retramnus,
544 821 606 882 suis
631 822 723 901 ipsius
738 820 840 898 verbis
861 838 933 884 usus
954 823 1100 902 ,specie,“
1123 823 1225 903 inquit,
1249 840 1382 904 „gerun-

334 925 382 983 tur
403 921 470 995 ista,
496 935 557 980 non
578 920 747 982 veritate‘l“
768 961 809 973 --
838 920 997 983 Ecclesiae
1022 921 1115 982 verba
1139 921 1303 983 secundum
1322 933 1382 982 'ec-

333 1019 445 1098 elesiae
482 1020 661 1081 sententiam
696 1021 834 1100 explicat.
885 1019 1000 1096 Quodsi
1032 1019 1112 1084 hanc
1145 1039 1208 1082 rem
1244 1022 1382 1101 cuiquam

333 1119 448 1182 auctori
470 1120 543 1181 vitio
567 1119 640 1181 dare
661 1121 756 1200 potuit
775 1121 958 1194 Ascelinus‚
993 1120 1088 1182 tribus
1117 1121 1270 1200 Anticyris
1292 1127 1384 1200 eaput
1489 1187 1490 1200 ,

332 1221 399 1298 eius
420 1220 587 1282 insanabile
608 1220 700 1282 luisse
722 1227 849 1300 oportet.
881 1221 994 1302 Longe
1007 1219 1094 1283 alium
1110 1220 1284 1301 Erigeniani
1304 1221 1382 1284 illius

332 1319 411 1397 loci,
435 1337 521 1400 quem
544 1319 704 1383 Ascelinus
727 1322 766 1383 eb
788 1320 893 1383 oculos
915 1320 1036 1396 babuit,
1071 1338 1111 1381 ex
1133 1321 1226 1400 ipsius
1247 1321 1382 1383 Ascelini
1490 1343 1491 1360 ¹

333 1420 436 1483 verbis
459 1427 652 1497 contextum,
675 1421 725 1501 qui
745 1427 892 1500 vocatur,
914 1420 1101 1492 statuendum
1123 1439 1209 1500 esse,
1231 1421 1382 1484 neminem

334 1537 396 1582 nen
417 1519 522 1582 videre
543 1527 689 1600 putamus.

416 1619 551 1682 Pluribus
570 1621 610 1682 ita
635 1620 672 1682 tle
694 1621 753 1682 hoc
772 1618 907 1694 Ascelini
929 1620 999 1683 leco
1022 1620 1155 1702 egimus,
1185 1620 1253 1702 quia
1283 1621 1382 1702 pluri-

330 1737 420 1799 mum,
439 1719 520 1798 quod
535 1726 639 1781 contra
652 1726 785 1782 nostram
806 1721 982 1806 sententiam
1004 1727 1125 1800 pugnat,
1147 1720 1304 1782 continere
1320 1737 1381 1800 pu-

333 1825 410 1881 tatus
431 1825 494 1896 est,
525 1837 614 1900 quum
636 1825 736 1880 tamen
758 1818 849 1880 multo
870 1818 955 1899 plus,
987 1824 1019 1878 ut
1037 1819 1184 1896 vidimus,
1220 1818 1300 1900 quod
1322 1836 1379 1899 pro
1493 1857 1494 1860 =

333 1927 436 1982 nostra
458 1907 605 1982 sententia
628 1924 752 1999 pugnet,
774 1919 935 1979 contineat.

417 2018 501 2091 Quae
525 2016 636 2085 deinde
658 2015 823 2078 memoratu
846 2017 936 2097 digna
958 2015 1115 2078 videantur
1138 2016 1246 2093 exiis,
1271 2015 1379 2097 quibus
1494 2011 1495 2042 ³

333 2118 548 2199 impugnamur,
570 2117 648 2179 haec
670 2124 748 2179 sunt.
791 2116 982 2197 ,Anonymus
1003 2116 1052 2178 ille
1078 2115 1311 2191 Cellotianustfi)
1340 2115 1378 2177 de

334 2219 542 2280 controversia
565 2217 764 2278 Paschasiana
785 2216 940 2292 scribens,
981 2234 1068 2296 qurum
1105 2215 1229 2277 alierum
1267 2216 1378 2296 scripta

334 2323 395 2379 tum
418 2317 568 2380 llatramni
588 2318 695 2378 librum
727 2316 831 2394 novit,
862 2315 971 2376 nullum
994 2333 1067 2378 vero
1093 2316 1256 2391 Semirus
1277 2351 1318 2367 -
1338 2316 1380 2378 At

334 2417 384 2481 ille
404 2402 580 2498 Anonymus
603 2416 701 2496 plures
722 2414 835 2492 libros,
871 2417 920 2495 qui
960 2414 998 2477 ad
1028 2415 1107 2490 illam
1137 2433 1200 2478 rem
1222 2416 1379 2497 pertinent,

335 2536 398 2580 non
440 2518 557 2580 citavit:
598 2516 678 2578 velut
706 2515 881 2594 Heimonis,
916 2515 1009 2596 episc.
1043 2515 1378 2593 Hatberstatienstse).

336 2618 440 2699 Neque
459 2615 583 2680 hercule
604 2617 670 2696 plus
689 2615 761 2678 inde
795 2615 896 2697 colligi
923 2622 1044 2697 petest,
1076 2616 1157 2698 quod
1188 2617 1379 2698 ,sigebertus

337 2716 563 2782 Gemblacensis
584 2722 614 2777 et
638 2715 699 2790 alii,
729 2715 778 2796 qui
802 2715 840 2777 de
862 2717 1059 2796 scriptoribus
1080 2717 1293 2780 ecclesiasticis
1314 2712 1378 2773 dis.

337 2834 480 2896 seruere,
512 2816 597 2882 scoti
617 2815 724 2878 librum
747 2814 786 2877 de
806 2831 831 2877 s.
854 2814 1042 2878 Eucharistia
1063 2833 1126 2879 non
1148 2813 1378 2875 laudaverunt:“

337 2921 486 2981 neminem
507 2917 585 2979 enirn
607 2917 724 2982 illorum
746 2923 923 2995 auctorum,
960 2919 1009 2998 qui
1038 2917 1112 2978 satis
1136 2919 1277 2976 accurate
1295 2911 1379 3005 Secti

337 3019 430 3082 libros
452 3019 654 3102 recensuerit,
689 3017 866 3082 invenimus.
909 3018 1081 3100 sigebertus
1111 3019 1232 3095 praeter
1258 3013 1379 3073 versio-

338 3135 407 3181 nem
428 3118 643 3202 Areopagitae,
666 3119 751 3183 cuius
771 3126 852 3200 (cap.
874 3117 941 3195 94.)
963 3116 1102 3195 meminit,
1123 3113 1233 3177 nullum
1254 3128 1378 3194 prorsus
1496 3107 1498 3182 ζ

338 3226 562 3282 commemorat.
840 3293 843 3300 ,

420 3320 545 3398 Restat,
579 3325 631 3399 ut,
667 3320 744 3402 quae
778 3325 935 3402 praeterea
957 3314 1180 3394 delendlposse
1211 3311 1378 3389 videantur,

337 3421 470 3485 breviter
506 3420 648 3485 adstricta
683 3436 893 3502 proponamus.
948 3417 1074 3478 Primum
1104 3413 1195 3496 igitur
1225 3412 1378 3500 ilatramni

336 3521 415 3584 libro
438 3538 501 3585 non
524 3519 694 3586 continetur
714 3537 769 3599 ea,
800 3537 888 3600 quarn
904 3515 1116 3597 ¹berengarius
1136 3512 1378 3595 amplectebatur,

372 3729 422 3800 85)
442 3731 476 3783 ci.
494 3730 569 3784 Μαι).
586 3737 644 3782 acta
664 3724 764 3779 Beued.
785 3739 852 3777 saec.
869 3691 915 3776 tv.
933 3740 959 3793 p.
980 3723 1014 3775 ll.
1034 3722 1119 3794 praei.
1138 3740 1166 3776 n.
1183 3721 1227 3776 88.
1245 3749 1281 3764 ·-

371 3831 420 3902 86)
438 3835 474 3886 cl.
500 3834 528 3885 P.
553 3836 583 3892 t.
614 3829 723 3884 cellotii
749 3827 843 3880 hister.
870 3825 1042 3880 Gothercalci
1068 3825 1200 3895 praedest.
1229 3821 1312 3876 Paria·
1341 3852 1377 3866 ·-

439 3920 569 3975 MDCLV.
589 3919 638 3972 sol.
660 3942 689 3953 -
710 3915 741 3967 In
761 3914 885 3985 Append.
903 3932 931 3986 p·
949 3912 1097 3970 539-548.
1358 3917 1361 3924 ’

373 4025 421 4092 87)
444 4025 478 4079 cs.
495 4025 586 4080 Lause.
606 4025 625 4074 l.
636 4038 658 4074 c.
676 4039 704 4092 p.
722 4017 783 4075 779.
890 4099 892 4103 Ι

376 4127 425 4197 88)
442 4131 475 4184 cl.
493 4129 557 4186 hiet.
575 4128 659 4186 litter.
678 4126 712 4180 de
732 4125 760 4178 la
777 4123 820 4224 lfr.
837 4130 902 4178 tem·
921 4122 953 4177 V.
970 4139 997 4193 p.
1018 4118 1077 4172 124.
