3014 4950
1213 407 1232 468 5

183 611 212 658 s.
232 593 382 658 Prudentii
404 591 504 653 verbis
529 590 703 652 satisfaciet.
737 589 825 652 Certe
840 588 958 652 Morcus
978 589 1096 676 quidam
1119 607 1230 670 saepe-

182 712 314 759 numero
336 693 491 772 dicebatur
510 691 669 763 Hibernas,
693 707 758 752 cum
780 698 861 752 esset
877 691 1018 754 educatus
1032 693 1061 752 in
1077 691 1230 766 Hibernia,

185 797 312 856 notione
335 793 446 868 Britto,
472 797 504 852 ut
531 789 569 852 de
592 809 630 852 eo
650 791 754 852 scribit
774 791 879 852 Ericus
900 791 1177 852 Autissiodorensis
1199 791 1228 852 in

186 893 247 956 fine
268 893 318 954 lib.
340 892 352 953 l
376 892 413 953 de
433 889 585 952 miraculis
608 907 634 950 s.
657 889 794 952 Germani
811 895 859 965 ¹⁵).

270 993 373 1054 Restat
395 991 513 1052 tertium
536 968 752 1070 argumerrtum,
773 992 821 1052 cui
843 997 983 1052 nociores
1005 989 1157 1068 plurimum
1172 991 1229 1050 tri-

185 1093 284 1156 buero
307 1091 411 1154 solent.
453 1090 582 1152 Thomas
608 1089 727 1170 quidem
757 1090 896 1152 blooreus
917 1095 1028 1150 tantum
1052 1091 1080 1150 in
1105 1108 1143 1152 eo
1167 1090 1229 1151 vult

184 1196 300 1270 inesse,
323 1200 354 1255 ut
370 1191 480 1254 nultum
504 1208 600 1270 prope*
621 1198 862 1272 argumentorum
881 1191 998 1271 pondus
1018 1192 1141 1252 vincere
1164 1207 1225 1250 non

186 1299 289 1375 queat;
322 1297 352 1352 et
373 1291 405 1353 G.
430 1291 462 1352 B.
484 1291 676 1354 Sobtueterus
702 1294 818 1368 ait¹⁶):
850 1291 991 1355 Tbomam
1011 1291 1166 1354 Moereum
1195 1292 1225 1352 in

182 1410 217 1455 re
239 1411 293 1456 sua
313 1391 537 1468 „confirmanda
561 1394 755 1454 certissimis‘
779 1394 862 1454 inniti
884 1393 1123 1475 „argumentis.“
1144 1427 1184 1438 -

280 1493 317 1556 tti
339 1494 430 1576 igitur
453 1495 494 1554 ita
517 1492 717 1556 contendunt:
754 1494 947 1571 „Hiberniam
978 1493 1099 1556 Ioannis
1129 1492 1224 1554 nostri

171 1594 307 1675 'petriam
332 1611 413 1670 esse,
440 1599 600 1673 propterea
624 1595 704 1675 quod
725 1593 804 1657 nnita
828 1595 885 1656 alia
909 1594 946 1656 de
969 1612 1060 1656 causa
1081 1594 1146 1656 fieri
1167 1609 1225 1672 po-

182 1695 280 1773 tuerit,
302 1700 333 1756 ut
358 1711 527 1774 cognomen
557 1701 678 1776 gereret
706 1695 873 1777 Erigonae,
906 1696 986 1776 quod
1020 1695 1058 1758 sit
1090 1696 1122 1756 in
1151 1692 1225 1756 Erin

179 1795 261 1874 (sive
282 1795 440 1870 Hibernia)
460 1795 549 1856 nati.“
571 1831 612 1844 -

262 1895 368 1975 ltaque
388 1893 426 1956 ad
449 1895 574 1957 atterum
594 1895 716 1960 Ioannis
737 1896 832 1958 nostri
861 1912 1049 1978 cognomen,
1065 1887 1158 1975 uuo,
1191 1891 1221 1954 id

179 1994 259 2077 quod
281 2012 369 2074 supra
391 1995 449 2056 iam
472 1996 658 2076 monuimus,
691 1997 786 2077 patria
819 1999 884 2060 cius
908 1996 1114 2079 significetur,
1150 2012 1223 2076 per.

182 2100 301 2156 ventum
322 2101 377 2157 est.

261 2194 325 2256 Hoc
348 2211 518 2275 cognomen
542 2195 664 2274 loanni,
696 2215 762 2260 cum
793 2214 896 2258 omnes
917 2197 1037 2256 omnino
1060 2195 1116 2256 viri
1140 2194 1221 2258 docti

178 2311 272 2375 usque
295 2295 332 2356 ab
355 2295 485 2376 antiquis
507 2298 689 2378 temporibus
710 2297 769 2360 hoc
801 2298 838 2359 de
871 2315 904 2358 re
940 2295 1165 2374 consenserint,
1201 2312 1218 2354 a

174 2394 270 2477 patria
290 2395 415 2458 inditum
436 2397 533 2459 videri
553 2397 745 2460 concedimus
752 2417 764 2471 ,·
786 2397 823 2460 ab
837 2397 908 2458 Erin
925 2397 1019 2477 patria
1045 2395 1075 2455 id
1098 2394 1217 2456 ductum

173 2495 270 2558 rideri
300 2514 462 2580 negamus:
499 2499 559 2560 imo
595 2517 683 2579 quum
715 2498 775 2560 duo
809 2498 909 2579 priora
945 2503 1117 2577 argumenta
1154 2512 1216 2556 non

174 2595 389 2676 ostenderent,
421 2596 562 2673 loannem
584 2601 614 2660 in
633 2599 776 2678 Hibernia
800 2617 869 2660 esse
890 2605 1007 2675 natum,
1040 2597 1225 2676 bocpottus-

172 2697 292 2760 ostendi
313 2705 466 2778 putamuS,
504 2717 571 2762 eum
600 2718 660 2762 non
682 2702 711 2762 in
733 2700 874 2762 Hibernia
897 2717 965 2761 esse
987 2705 1096 2764 natum.
1140 2696 1212 2760 Nam

170 2799 295 2878 primum
317 2799 381 2860 iure
403 2799 538 2877 mireris,
573 2801 622 2881 qui
656 2800 765 2862 factum
798 2803 853 2878 sit,
888 2807 919 2861 ut
940 2801 1039 2879 potius
1063 2795 1211 2860 vocabulo

169 2898 377 2960 semibarbaro
398 2899 529 2981 Erigena
551 2901 713 2981 appellatus
736 2902 792 2978 sit,
826 2919 912 2981 quam
935 2917 1017 2962 mere
1041 2899 1132 2960 totino
1155 2897 1211 2958 Hi-

167 2998 346 3079 bernigena.
390 2999 517 3077 Deinde,
538 3007 570 3062 ut
593 3003 651 3064 iam
674 3003 777 3065 Petrus
801 3001 837 3063 de
860 3002 971 3079 Merca,
994 3001 1041 3062 vir
1064 2997 1208 3080 doctissi-

164 3117 240 3177 mus,
259 3100 502 3181 archiepiscopus
515 3103 702 3182 Parisiensis,
715 3102 932 3180 animadvertit,
947 3101 984 3162 ab
997 3101 1066 3161 Erin
1084 3097 1207 3161 formari

170 3200 269 3262 debuit
289 3219 350 3264 non
371 3202 517 3284 Erigena,
539 3205 595 3266 sed
615 3205 788 3286 Erinigena.
831 3206 903 3266 Sunt
923 3202 1061 3282 quidem,
1086 3200 1135 3281 qui
1157 3199 1207 3260 di-

167 3306 246 3375 cant,
267 3301 406 3362 ioannem
430 3304 517 3364 etiam
529 3303 711 3385 Eringenam
733 3305 907 3386 appeliatum
931 3321 1010 3378 esse,
1031 3302 1084 3364 sed
1100 3303 1205 3363 borum

166 3399 423 3482 decretumomni
444 3406 620 3466 auctoritate
645 3414 748 3484 caret,
786 3421 872 3486 quum
904 3411 972 3466 ante
1004 3401 1229 3475 Tritbemium,

162 3501 246 3580 quod
267 3518 321 3564 nos
342 3505 460 3585 quidem
481 3506 699 3584 invenerimus,
735 3497 822 3568 nemo
854 3506 892 3566 de
913 3505 1064 3585 Eringena
1085 3503 1202 3564 locutus

159 3602 208 3680 sit,
230 3608 261 3664 et
282 3621 320 3664 ex
339 3603 451 3665 Tboma
470 3603 562 3666 Gateo
584 3609 657 3669 satis
680 3614 809 3686 constet,
831 3607 972 3670 loannem
990 3601 1201 3682 antiquissimis

157 3753 445 3766 m—

193 3834 238 3905 15)
258 3835 292 3887 cf.
320 3835 372 3886 Th.
398 3836 473 3886 Gale.
494 3836 511 3887 1.
532 3837 550 3887 l.
572 3866 607 3877 -
625 3846 684 3890 tert.
705 3857 729 3909 p.
754 3839 794 3892 10.
817 3871 851 3880 -
874 3839 942 3890 Erici
971 3837 1039 3890 liber
1066 3844 1152 3889 exstat
1170 3835 1198 3886 in

255 3924 283 3974 P.
303 3923 407 3976 Lobbei
427 3924 551 3976 btbtiorb,
572 3927 609 3976 M.
629 3945 662 3978 ss.
683 3935 747 3978 tom.
768 3927 788 3976 1.

192 4023 238 4093 16)
259 4026 294 4076 cs.
314 4027 336 4075 t.
358 4025 517 4094 ScotiErig.
538 4027 713 4082 dedinent.
738 4029 802 4082 libri
825 4029 854 4080 V.
893 4028 980 4080 Editio
1008 4018 1142 4096 recognita
1169 4036 1197 4078 et

254 4112 405 4166 emendata.
433 4115 548 4168 Monast.
569 4115 795 4185 Gueatphalornm
817 4113 1079 4170 moccntttttvttt.
1099 4131 1126 4182 p.
1148 4113 1193 4164 ΙΙΙ.
