3010 4946
1146 448 1186 512 93

153 626 289 690 ordinem
311 625 439 724 babent,
475 626 516 688 ita
544 633 576 687 ut
596 627 719 706 quaevis
741 643 781 688 ex
800 627 929 706 ipsarum
950 646 1074 692 numero
1085 631 1188 710 prima

152 745 223 790 osse
243 728 359 808 possit,
388 727 418 790 S.
445 731 543 788 tamen
574 727 737 806 Dionysius
759 727 834 804 inre,
857 733 889 788 nt
909 727 1035 806 videtur,
1056 729 1109 792 bas
1132 731 1190 792 de-

152 845 218 890 cem
239 828 350 908 primas
374 827 545 890 constituit:
565 827 622 890 Per
642 843 677 890 se
698 827 791 907 ipsam
814 826 944 905 bonitas,
966 846 1020 909 per
1040 847 1074 890 se
1095 830 1190 910 ipsam

151 931 306 1007 essentia,
342 945 396 1010 per
429 945 463 992 se
486 929 581 1010 ipsam
603 930 684 1005 vita,
710 946 766 1010 per
794 945 828 992 se
850 929 944 1010 ipsam
964 931 1061 1010 ratio,
1081 948 1135 1010 per
1155 949 1190 994 se
1289 1003 1291 1006 ,

149 1033 246 1112 ipsam
267 1029 485 1112 intelligentia,
516 1046 571 1110 per
600 1045 634 1092 se
660 1030 755 1110 psam
777 1030 943 1110 sapientia,
965 1031 1190 1113 perseipsum

148 1133 255 1206 virtus,
275 1148 330 1211 per
350 1147 384 1192 se
407 1131 533 1211 (ipsam)
554 1130 721 1207 beatitudo,
742 1147 797 1210 per
816 1147 850 1192 sc
872 1131 965 1210 ipsam
989 1133 1113 1211 veritas,
1136 1151 1191 1212 per

150 1232 299 1312 seipsam
322 1232 483 1296 aeternitas
497 1237 538 1308 ¹⁷)
590 1231 688 1310 Atque
715 1230 755 1291 ita
779 1231 858 1291 inter
879 1219 987 1292 causas
1009 1232 1190 1312 primordia-

150 1333 206 1407 les,
231 1348 305 1411 quas
327 1349 426 1393 rerum
462 1332 591 1392 omnium
623 1330 768 1411 principia
797 1330 889 1392 divini
912 1331 1063 1411 sapientes
1086 1333 1191 1414 appel-

148 1433 222 1511 lant,
243 1438 312 1496 sunt
343 1447 448 1496 omnes
480 1434 605 1497 virtutes
637 1450 674 1494 ac
695 1432 831 1496 rationes
845 1437 902 1512 ¹⁸),
936 1451 1012 1516 quas
1047 1434 1139 1496 semel
1159 1442 1189 1497 et

150 1534 238 1599 simul
259 1534 347 1596 Pater
366 1532 437 1598 lecit
457 1535 487 1596 in
508 1533 601 1611 Filio,
624 1541 655 1595 et
675 1533 839 1596 secundum
863 1551 937 1613 quas
958 1532 1035 1598 ordo
1058 1535 1188 1598 omnium

149 1651 249 1698 rerum
273 1653 290 1696 a
312 1650 426 1698 summo
459 1650 554 1713 usque
575 1631 716 1695 deorsum
737 1636 856 1708 texitur,
880 1633 910 1695 b.
932 1650 970 1712 a,
994 1635 1031 1696 ab
1053 1635 1189 1696 intellec.

151 1736 220 1798 tuali
241 1741 397 1815 creatura,
419 1751 496 1816 quae
519 1734 578 1796 deo
600 1740 669 1814 post
690 1734 777 1796 deum
793 1740 845 1798 ,cst
864 1736 1011 1814 proxima,
1034 1752 1127 1818 usquc
1149 1734 1189 1797 ad

148 1844 312 1901 extremum
329 1854 429 1898 rerum
453 1835 584 1898 omnium
605 1835 760 1914 ordinem,
793 1851 851 1914 quo
876 1851 1004 1916 corpora
1028 1836 1189 1898 continen-

147 1943 223 2001 tur.“
246 1937 306 2019 (ill,
329 1934 377 2015 14,
400 1939 433 2015 13
453 1935 490 2016 ll,
510 1935 577 2012 36.)

621 2057 651 2127 §-
674 2052 722 2113 95.

233 2171 413 2253 ,Visibilium
457 2188 557 2233 rerum
590 2169 689 2231 causis
726 2167 967 2248 primordialibus
997 2173 1044 2230 est
1076 2165 1186 2228 eximia

150 2269 313 2349 subtilitas,
343 2269 502 2333 ineffabilis
529 2273 654 2332 naturae
690 2268 862 2348 simplicitas
884 2283 980 2349 eaque
1000 2266 1187 2342 obscuritas,

148 2387 227 2452 quaa
260 2370 340 2433 nullo
373 2372 485 2433 coloris
506 2371 633 2446 lumine,
656 2370 734 2433 nulla
757 2371 919 2432 formarum
941 2367 1123 2431 discretione
1148 2367 1188 2428 sit

140 2467 321 2534 declarata:
347 2470 556 2534 intellectualis
577 2487 651 2532 uero
675 2473 827 2532 essentiae
848 2485 958 2532 causae
979 2467 1186 2550 primordiales

147 2571 260 2634 babent
289 2571 621 2651 incomprehensibilem
656 2570 861 2647 altitudinem,
896 2569 1036 2634 infinitam
1066 2571 1111 2631 sui
1132 2585 1186 2648 per

147 2672 246 2734 omnia
271 2671 469 2748 diffusionem,
491 2687 568 2752 quae
589 2670 670 2732 nullo
691 2673 853 2751 percipitur
876 2687 976 2747 sensu,
1000 2670 1079 2731 nullo
1097 2685 1184 2729 oom-

145 2771 339 2854 preb'endilur
373 2771 544 2852 intellectu,
577 2788 709 2853 praeque
741 2767 899 2832 ineffabilis
933 2787 1006 2833 suae
1050 2766 1185 2850 puritatis

147 2872 325 2935 excellentia
368 2873 559 2935 tenebrarum
603 2872 725 2932 nornine
759 2875 931 2931 meruerunt
962 2868 1113 2949 appellari.
1144 2905 1186 2922 --

145 2973 190 3035 Ex
212 2971 379 3058 effectibus,
397 2971 426 3035 b.
450 2991 477 3034 e.
501 2991 540 3034 ex
558 2969 804 3052 processionibus
827 2972 857 3031 in
879 2986 992 3052 genera
1014 2968 1185 3050 formasque

145 3073 305 3156 sensibiles
328 3078 416 3154 atque
437 3071 638 3154 intelligibiles
659 3077 901 3152 cognoscuntur,
933 3071 1002 3151 quia
1023 3075 1099 3150 sunt,
1122 3085 1184 3134 non

144 3181 245 3238 tamen
265 3173 476 3262 intelliguntur,
499 3173 568 3255 quid
590 3179 685 3236 sunt.“
709 3173 761 3253 (ll,
785 3174 834 3248 17,
857 3173 925 3248 90.)

629 3303 660 3370 a.
684 3291 733 3354 ao.

228 3409 274 3486 „Si
310 3410 376 3492 quis
408 3425 502 3474 nosse
536 3411 627 3487 velit,
659 3413 755 3470 utrum
778 3407 954 3490 principalia
975 3406 1024 3469 illa
1048 3405 1184 3486 exempla

144 3525 179 3571 se
199 3505 264 3590 ipsa
284 3509 467 3593 intelligant,
499 3509 668 3592 priusquam
690 3511 721 3572 in
743 3527 804 3585 res,
828 3527 951 3591 quarum
972 3523 1083 3573 causae
1104 3513 1182 3586 sunt,

143 3697 418 3710 *ιι-ιι--ὴ-ι-

180 3813 461 3888 17)Haecide0per
487 3833 514 3866 ae
534 3833 591 3868 erse
617 3815 763 3886 dicuntur,
781 3816 856 3888 qnod
884 3816 979 3882 „nnius
997 3817 1180 3867 uniuersorum

243 3917 339 3953 causae
358 3903 580 3972 participationes
600 3913 681 3966 suut,
700 3921 790 3973 neque
811 3905 866 3955 ulla
886 3911 1006 3954 creatura
1026 3905 1096 3955 inter
1111 3903 1182 3972 ipsas

243 3997 270 4039 et
288 4005 368 4062 unam
388 3991 506 4040 omnium
527 4007 633 4042 causam
653 3993 810 4060 interposita
833 3996 897 4043 cst.“
913 4025 948 4035 —
961 3991 1005 4062 (ll,
1024 3989 1182 4058 36;111,1·)

179 4072 223 4142 18)
245 4073 321 4140 Quae
348 4077 430 4128 verbo
455 4077 489 4128 ab
518 4077 623 4131 lliortio
653 4087 795 4132 vertuntur
819 4085 860 4148 (p.
882 4078 936 4152 70.)
954 4080 1029 4144 „alle
1049 4076 1181 4146 thitigen,

241 4160 405 4233 lebendiqen
424 4165 562 4236 Brgrilie.“
581 4195 615 4210 -
