<?xml version="1.0" encoding="UTF-8"?>
<!DOCTYPE html PUBLIC "-//W3C//DTD XHTML 1.0 Transitional//EN"
    "http://www.w3.org/TR/xhtml1/DTD/xhtml1-transitional.dtd">
<html xmlns="http://www.w3.org/1999/xhtml" xml:lang="en" lang="en">
 <head>
  <title>
</title>
<meta http-equiv="Content-Type" content="text/html;charset=utf-8" />
  <meta name='ocr-system' content='tesseract 3.04.00' />
  <meta name='ocr-capabilities' content='ocr_page ocr_carea ocr_par ocr_line ocrx_word'/>
</head>
<body>
  <div class='ocr_page' id='page_1' title='image "./deioannescotoer01unkngoog_0019.png"; bbox 0 0 3014 4950; ppageno 0'>
   <div class='ocr_carea' id='block_1_1' title="bbox 308 413 344 476">
    <p class='ocr_par' dir='ltr' id='par_1_1' title="bbox 308 413 344 476">
     <span class='ocr_line' id='line_1_1' title="bbox 308 413 344 476; baseline 0.083 -3"><span class='ocrx_word' id='word_1_1' title='bbox 308 413 344 476; x_wconf 84' lang='lat'>10</span> 
     </span>
    </p>
   </div>
   <div class='ocr_carea' id='block_1_2' title="bbox 299 588 1348 3086">
    <p class='ocr_par' dir='ltr' id='par_1_2' title="bbox 299 588 1348 1776">
     <span class='ocr_line' id='line_1_2' title="bbox 301 588 1342 672; baseline 0.006 -20"><span class='ocrx_word' id='word_1_2' title='bbox 301 591 471 672; x_wconf 75' lang='lat' dir='ltr'>plectebat,</span> <span class='ocrx_word' id='word_1_3' title='bbox 506 589 686 670; x_wconf 82' lang='lat' dir='ltr'><strong>peculiarius</strong></span> <span class='ocrx_word' id='word_1_4' title='bbox 716 588 910 669; x_wconf 82' lang='lat' dir='ltr'>diligebam‚“</span> <span class='ocrx_word' id='word_1_5' title='bbox 938 625 978 638; x_wconf 92' lang='lat'><em>-</em></span> <span class='ocrx_word' id='word_1_6' title='bbox 1009 598 1038 653; x_wconf 89' lang='lat' dir='ltr'>et</span> <span class='ocrx_word' id='word_1_7' title='bbox 1068 593 1098 654; x_wconf 92' lang='lat' dir='ltr'>in</span> <span class='ocrx_word' id='word_1_8' title='bbox 1127 593 1185 654; x_wconf 89' lang='lat' dir='ltr'>line</span> <span class='ocrx_word' id='word_1_9' title='bbox 1208 595 1342 658; x_wconf 87' lang='lat' dir='ltr'>eiusdem</span> 
     </span>
     <span class='ocr_line' id='line_1_3' title="bbox 303 691 1347 775; baseline 0.005 -21"><span class='ocrx_word' id='word_1_10' title='bbox 303 693 425 769; x_wconf 68' lang='lat' dir='ltr'>libriil‘)</span> <span class='ocrx_word' id='word_1_11' title='bbox 445 692 522 754; x_wconf 88' lang='lat' dir='ltr'>haec</span> <span class='ocrx_word' id='word_1_12' title='bbox 544 692 653 752; x_wconf 88' lang='lat' dir='ltr'>babet:</span> <span class='ocrx_word' id='word_1_13' title='bbox 680 691 752 768; x_wconf 85' lang='lat' dir='ltr'>„llis</span> <span class='ocrx_word' id='word_1_14' title='bbox 774 692 804 752; x_wconf 93' lang='lat' dir='ltr'>in</span> <span class='ocrx_word' id='word_1_15' title='bbox 826 694 946 752; x_wconf 91' lang='lat' dir='ltr'>nomine</span> <span class='ocrx_word' id='word_1_16' title='bbox 969 691 1042 770; x_wconf 87' lang='lat' dir='ltr'>Dei,</span> <span class='ocrx_word' id='word_1_17' title='bbox 1075 711 1130 772; x_wconf 90' lang='lat' dir='ltr'>pro</span> <span class='ocrx_word' id='word_1_18' title='bbox 1153 702 1240 775; x_wconf 87' lang='lat' dir='ltr'>captu</span> <span class='ocrx_word' id='word_1_19' title='bbox 1259 715 1347 759; x_wconf 87' lang='lat' dir='ltr'>meae</span> 
     </span>
     <span class='ocr_line' id='line_1_4' title="bbox 305 792 1348 878; baseline 0.006 -25"><span class='ocrx_word' id='word_1_20' title='bbox 305 792 482 873; x_wconf 73' lang='lat' dir='ltr'>pusillitatis,</span> <span class='ocrx_word' id='word_1_21' title='bbox 516 799 584 854; x_wconf 86' lang='lat' dir='ltr'>luae</span> <span class='ocrx_word' id='word_1_22' title='bbox 607 809 725 872; x_wconf 93' lang='lat' dir='ltr'>quoque</span> <span class='ocrx_word' id='word_1_23' title='bbox 750 792 959 868; x_wconf 87' lang='lat' dir='ltr'>correctionis,</span> <span class='ocrx_word' id='word_1_24' title='bbox 986 793 1090 854; x_wconf 79' lang='lat' dir='ltr'>Frater</span> <span class='ocrx_word' id='word_1_25' title='bbox 1111 795 1249 873; x_wconf 89' lang='lat' dir='ltr'>loannes,</span> <span class='ocrx_word' id='word_1_26' title='bbox 1271 815 1348 878; x_wconf 82' lang='lat' dir='ltr'>gra-</span> 
     </span>
     <span class='ocr_line' id='line_1_5' title="bbox 303 891 1348 976; baseline 0.004 -22"><span class='ocrx_word' id='word_1_27' title='bbox 303 893 352 970; x_wconf 88' lang='lat' dir='ltr'>tie,</span> <span class='ocrx_word' id='word_1_28' title='bbox 374 895 524 970; x_wconf 90' lang='lat' dir='ltr'>exoratis,</span> <span class='ocrx_word' id='word_1_29' title='bbox 555 892 626 953; x_wconf 90' lang='lat' dir='ltr'>libet</span> <span class='ocrx_word' id='word_1_30' title='bbox 653 893 806 954; x_wconf 88' lang='lat' dir='ltr'>succincte</span> <span class='ocrx_word' id='word_1_31' title='bbox 834 891 949 972; x_wconf 83' lang='lat' dir='ltr'>singula</span> <span class='ocrx_word' id='word_1_32' title='bbox 979 892 1153 956; x_wconf 83' lang='lat' dir='ltr'>adnotare.“</span> <span class='ocrx_word' id='word_1_33' title='bbox 1181 931 1222 943; x_wconf 91' lang='lat'><strong>—</strong></span> <span class='ocrx_word' id='word_1_34' title='bbox 1257 897 1348 976; x_wconf 85' lang='lat' dir='ltr'>Atqui</span> 
     </span>
     <span class='ocr_line' id='line_1_6' title="bbox 304 991 1347 1072; baseline 0 -16"><span class='ocrx_word' id='word_1_35' title='bbox 304 1011 329 1060; x_wconf 81' lang='lat' dir='ltr'>e.</span> <span class='ocrx_word' id='word_1_36' title='bbox 359 993 550 1069; x_wconf 84' lang='lat' dir='ltr'>Prudentius,</span> <span class='ocrx_word' id='word_1_37' title='bbox 581 991 719 1072; x_wconf 90' lang='lat' dir='ltr'>puerulus</span> <span class='ocrx_word' id='word_1_38' title='bbox 748 1011 787 1053; x_wconf 85' lang='lat' dir='ltr'>ex</span> <span class='ocrx_word' id='word_1_39' title='bbox 815 992 955 1071; x_wconf 88' lang='lat' dir='ltr'>Hispania</span> <span class='ocrx_word' id='word_1_40' title='bbox 975 994 1069 1072; x_wconf 86' lang='lat' dir='ltr'>patria</span> <span class='ocrx_word' id='word_1_41' title='bbox 1090 995 1121 1054; x_wconf 92' lang='lat' dir='ltr'>iu</span> <span class='ocrx_word' id='word_1_42' title='bbox 1144 994 1265 1057; x_wconf 88' lang='lat' dir='ltr'>Galliam</span> <span class='ocrx_word' id='word_1_43' title='bbox 1288 995 1347 1058; x_wconf 91' lang='lat' dir='ltr'>de-</span> 
     </span>
     <span class='ocr_line' id='line_1_7' title="bbox 305 1091 1346 1174; baseline 0.002 -19"><span class='ocrx_word' id='word_1_44' title='bbox 305 1092 411 1156; x_wconf 92' lang='lat' dir='ltr'>ductus</span> <span class='ocrx_word' id='word_1_45' title='bbox 439 1093 539 1174; x_wconf 91' lang='lat' dir='ltr'>ibique</span> <span class='ocrx_word' id='word_1_46' title='bbox 568 1095 728 1168; x_wconf 60' lang='lat' dir='ltr'>educatum</span> <span class='ocrx_word' id='word_1_47' title='bbox 764 1091 930 1172; x_wconf 91' lang='lat' dir='ltr'>complures</span> <span class='ocrx_word' id='word_1_48' title='bbox 963 1110 1058 1154; x_wconf 90' lang='lat' dir='ltr'>annos</span> <span class='ocrx_word' id='word_1_49' title='bbox 1089 1101 1158 1155; x_wconf 85' lang='lat' dir='ltr'>onte</span> <span class='ocrx_word' id='word_1_50' title='bbox 1191 1094 1346 1158; x_wconf 88' lang='lat' dir='ltr'>dioecesin</span> 
     </span>
     <span class='ocr_line' id='line_1_8' title="bbox 304 1191 1346 1273; baseline 0.003 -18"><span class='ocrx_word' id='word_1_51' title='bbox 304 1193 505 1255; x_wconf 78' lang='lat' dir='ltr'>&#39;tricassinam</span> <span class='ocrx_word' id='word_1_52' title='bbox 534 1193 590 1273; x_wconf 92' lang='lat' dir='ltr'>ipsi</span> <span class='ocrx_word' id='word_1_53' title='bbox 614 1193 781 1254; x_wconf 90' lang='lat' dir='ltr'>mandatam</span> <span class='ocrx_word' id='word_1_54' title='bbox 811 1191 1047 1254; x_wconf 86' lang='lat' dir='ltr'>mandandamve</span> <span class='ocrx_word' id='word_1_55' title='bbox 1080 1195 1110 1255; x_wconf 94' lang='lat' dir='ltr'>in</span> <span class='ocrx_word' id='word_1_56' title='bbox 1142 1194 1240 1256; x_wconf 82' lang='lat' dir='ltr'>Caroli</span> <span class='ocrx_word' id='word_1_57' title='bbox 1261 1195 1346 1258; x_wconf 83' lang='lat' dir='ltr'>Calvi</span> 
     </span>
     <span class='ocr_line' id='line_1_9' title="bbox 305 1291 1346 1376; baseline 0.002 -20"><span class='ocrx_word' id='word_1_58' title='bbox 305 1294 372 1356; x_wconf 91' lang='lat' dir='ltr'>aula</span> <span class='ocrx_word' id='word_1_59' title='bbox 394 1294 469 1356; x_wconf 87' lang='lat' dir='ltr'>vixit</span> <span class='ocrx_word' id='word_1_60' title='bbox 480 1297 540 1372; x_wconf 78' lang='lat'>³¹),</span> <span class='ocrx_word' id='word_1_61' title='bbox 569 1292 716 1355; x_wconf 84' lang='lat' dir='ltr'>literarum</span> <span class='ocrx_word' id='word_1_62' title='bbox 739 1291 843 1354; x_wconf 89' lang='lat' dir='ltr'>stodiis</span> <span class='ocrx_word' id='word_1_63' title='bbox 867 1295 956 1354; x_wconf 90' lang='lat' dir='ltr'>unice</span> <span class='ocrx_word' id='word_1_64' title='bbox 978 1293 1112 1356; x_wconf 89' lang='lat' dir='ltr'>deditos:</span> <span class='ocrx_word' id='word_1_65' title='bbox 1146 1312 1225 1376; x_wconf 89' lang='lat' dir='ltr'>anno</span> <span class='ocrx_word' id='word_1_66' title='bbox 1247 1304 1346 1358; x_wconf 91' lang='lat' dir='ltr'>autern</span> 
     </span>
     <span class='ocr_line' id='line_1_10' title="bbox 302 1393 1346 1472; baseline 0.004 -15"><span class='ocrx_word' id='word_1_67' title='bbox 302 1393 598 1458; x_wconf 74' lang='lat' dir='ltr'>basencurtem</span> <span class='ocrx_word' id='word_1_68' title='bbox 614 1395 672 1456; x_wconf 92' lang='lat' dir='ltr'>iam</span> <span class='ocrx_word' id='word_1_69' title='bbox 686 1394 855 1472; x_wconf 89' lang='lat' dir='ltr'>suscepisse</span> <span class='ocrx_word' id='word_1_70' title='bbox 871 1394 1037 1456; x_wconf 90' lang='lat' dir='ltr'>invenimus</span> <span class='ocrx_word' id='word_1_71' title='bbox 1055 1395 1208 1458; x_wconf 85' lang='lat' dir='ltr'>dioecesin</span> <span class='ocrx_word' id='word_1_72' title='bbox 1223 1395 1346 1460; x_wconf 76' lang='lat' dir='ltr'>Tricas-</span> 
     </span>
     <span class='ocr_line' id='line_1_11' title="bbox 302 1495 1346 1572; baseline 0.003 -14"><span class='ocrx_word' id='word_1_73' title='bbox 302 1495 461 1572; x_wconf 73' lang='lat' dir='ltr'>sinam32).</span> <span class='ocrx_word' id='word_1_74' title='bbox 488 1495 570 1569; x_wconf 83' lang='lat' dir='ltr'>Quae</span> <span class='ocrx_word' id='word_1_75' title='bbox 590 1513 656 1557; x_wconf 93' lang='lat' dir='ltr'>cum</span> <span class='ocrx_word' id='word_1_76' title='bbox 676 1497 715 1556; x_wconf 90' lang='lat' dir='ltr'>ita</span> <span class='ocrx_word' id='word_1_77' title='bbox 735 1495 804 1570; x_wconf 92' lang='lat' dir='ltr'>sint,</span> <span class='ocrx_word' id='word_1_78' title='bbox 825 1510 914 1555; x_wconf 91' lang='lat' dir='ltr'>nemo</span> <span class='ocrx_word' id='word_1_79' title='bbox 936 1512 997 1556; x_wconf 91' lang='lat' dir='ltr'>non</span> <span class='ocrx_word' id='word_1_80' title='bbox 1014 1495 1142 1558; x_wconf 86' lang='lat' dir='ltr'>libenter</span> <span class='ocrx_word' id='word_1_81' title='bbox 1161 1497 1346 1561; x_wconf 84' lang='lat' dir='ltr'>adsentietur</span> 
     </span>
     <span class='ocr_line' id='line_1_12' title="bbox 299 1594 1346 1678; baseline 0.001 -19"><span class='ocrx_word' id='word_1_82' title='bbox 299 1596 432 1659; x_wconf 82' lang='lat' dir='ltr'>Thomae</span> <span class='ocrx_word' id='word_1_83' title='bbox 441 1596 575 1672; x_wconf 85' lang='lat' dir='ltr'>bicareo,</span> <span class='ocrx_word' id='word_1_84' title='bbox 590 1597 619 1658; x_wconf 93' lang='lat' dir='ltr'>in</span> <span class='ocrx_word' id='word_1_85' title='bbox 628 1594 674 1656; x_wconf 90' lang='lat' dir='ltr'>his</span> <span class='ocrx_word' id='word_1_86' title='bbox 686 1597 776 1657; x_wconf 92' lang='lat' dir='ltr'>rebus</span> <span class='ocrx_word' id='word_1_87' title='bbox 788 1595 969 1676; x_wconf 82' lang='lat' dir='ltr'>Laniganum</span> <span class='ocrx_word' id='word_1_88' title='bbox 981 1602 1167 1675; x_wconf 86' lang='lat' dir='ltr'>sequentem,</span> <span class='ocrx_word' id='word_1_89' title='bbox 1186 1600 1235 1678; x_wconf 92' lang='lat' dir='ltr'>qui</span> <span class='ocrx_word' id='word_1_90' title='bbox 1252 1606 1346 1678; x_wconf 87' lang='lat' dir='ltr'>potet,</span> 
     </span>
     <span class='ocr_line' id='line_1_13' title="bbox 304 1695 1323 1776; baseline 0.001 -16"><span class='ocrx_word' id='word_1_91' title='bbox 304 1699 427 1761; x_wconf 87' lang='lat' dir='ltr'>circiter</span> <span class='ocrx_word' id='word_1_92' title='bbox 448 1714 555 1758; x_wconf 91' lang='lat' dir='ltr'>annum</span> <span class='ocrx_word' id='word_1_93' title='bbox 573 1695 756 1759; x_wconf 83' lang='lat' dir='ltr'>DOCCXLV.</span> <span class='ocrx_word' id='word_1_94' title='bbox 779 1695 939 1776; x_wconf 83' lang='lat' dir='ltr'>Erigonam</span> <span class='ocrx_word' id='word_1_95' title='bbox 963 1696 1003 1756; x_wconf 90' lang='lat' dir='ltr'>ad</span> <span class='ocrx_word' id='word_1_96' title='bbox 1018 1696 1119 1758; x_wconf 86' lang='lat' dir='ltr'>Gallos</span> <span class='ocrx_word' id='word_1_97' title='bbox 1139 1699 1259 1760; x_wconf 88' lang='lat' dir='ltr'>venisse</span> <span class='ocrx_word' id='word_1_98' title='bbox 1272 1702 1323 1776; x_wconf 79' lang='lat'>³³).</span> 
     </span>
    </p>

    <p class='ocr_par' dir='ltr' id='par_1_3' title="bbox 301 1795 1345 3086">
     <span class='ocr_line' id='line_1_14' title="bbox 387 1795 1343 1878; baseline 0.002 -18"><span class='ocrx_word' id='word_1_99' title='bbox 387 1797 510 1874; x_wconf 86' lang='lat' dir='ltr'>Quodsi,</span> <span class='ocrx_word' id='word_1_100' title='bbox 534 1815 610 1878; x_wconf 84' lang='lat' dir='ltr'>qaae</span> <span class='ocrx_word' id='word_1_101' title='bbox 633 1795 731 1858; x_wconf 88' lang='lat' dir='ltr'>adbuc</span> <span class='ocrx_word' id='word_1_102' title='bbox 753 1796 791 1858; x_wconf 93' lang='lat' dir='ltr'>de</span> <span class='ocrx_word' id='word_1_103' title='bbox 812 1797 894 1858; x_wconf 84' lang='lat' dir='ltr'>Sooti</span> <span class='ocrx_word' id='word_1_104' title='bbox 918 1802 1014 1858; x_wconf 89' lang='lat' dir='ltr'>aetate</span> <span class='ocrx_word' id='word_1_105' title='bbox 1036 1797 1182 1876; x_wconf 86' lang='lat' dir='ltr'>disputata</span> <span class='ocrx_word' id='word_1_106' title='bbox 1203 1805 1281 1872; x_wconf 86' lang='lat' dir='ltr'>sunt,</span> <span class='ocrx_word' id='word_1_107' title='bbox 1311 1799 1343 1862; x_wconf 93' lang='lat' dir='ltr'>id</span> 
     </span>
     <span class='ocr_line' id='line_1_15' title="bbox 301 1895 1342 1978; baseline 0.001 -18"><span class='ocrx_word' id='word_1_108' title='bbox 301 1897 380 1978; x_wconf 88' lang='lat' dir='ltr'>quod</span> <span class='ocrx_word' id='word_1_109' title='bbox 402 1897 490 1960; x_wconf 84' lang='lat' dir='ltr'>facile</span> <span class='ocrx_word' id='word_1_110' title='bbox 513 1896 738 1973; x_wconf 88' lang='lat' dir='ltr'>crediderimus,</span> <span class='ocrx_word' id='word_1_111' title='bbox 760 1914 777 1958; x_wconf 91' lang='lat' dir='ltr'>a</span> <span class='ocrx_word' id='word_1_112' title='bbox 796 1913 870 1957; x_wconf 88' lang='lat' dir='ltr'>vero</span> <span class='ocrx_word' id='word_1_113' title='bbox 898 1913 959 1957; x_wconf 93' lang='lat' dir='ltr'>non</span> <span class='ocrx_word' id='word_1_114' title='bbox 990 1895 1160 1978; x_wconf 86' lang='lat' dir='ltr'>abhorrent,</span> <span class='ocrx_word' id='word_1_115' title='bbox 1189 1898 1342 1962; x_wconf 84' lang='lat' dir='ltr'>Guilielmo</span> 
     </span>
     <span class='ocr_line' id='line_1_16' title="bbox 301 1995 1344 2076; baseline 0.001 -15"><span class='ocrx_word' id='word_1_116' title='bbox 301 1997 567 2061; x_wconf 90' lang='lat' dir='ltr'>blalmesburiense</span> <span class='ocrx_word' id='word_1_117' title='bbox 600 1997 749 2060; x_wconf 89' lang='lat' dir='ltr'>accersito</span> <span class='ocrx_word' id='word_1_118' title='bbox 778 1998 887 2058; x_wconf 86' lang='lat' dir='ltr'>certius</span> <span class='ocrx_word' id='word_1_119' title='bbox 909 1995 1128 2076; x_wconf 89' lang='lat' dir='ltr'>quodammodo</span> <span class='ocrx_word' id='word_1_120' title='bbox 1151 2001 1258 2062; x_wconf 90' lang='lat' dir='ltr'>natalis</span> <span class='ocrx_word' id='word_1_121' title='bbox 1278 2002 1344 2064; x_wconf 90' lang='lat' dir='ltr'>eius</span> 
     </span>
     <span class='ocr_line' id='line_1_17' title="bbox 303 2094 1343 2179; baseline 0.002 -18"><span class='ocrx_word' id='word_1_122' title='bbox 303 2116 400 2161; x_wconf 91' lang='lat' dir='ltr'>annus</span> <span class='ocrx_word' id='word_1_123' title='bbox 422 2098 562 2161; x_wconf 91' lang='lat' dir='ltr'>constitui</span> <span class='ocrx_word' id='word_1_124' title='bbox 582 2103 691 2177; x_wconf 89' lang='lat' dir='ltr'>potest.</span> <span class='ocrx_word' id='word_1_125' title='bbox 734 2094 763 2158; x_wconf 90' lang='lat' dir='ltr'>is</span> <span class='ocrx_word' id='word_1_126' title='bbox 786 2096 888 2176; x_wconf 84' lang='lat' dir='ltr'>igitur,</span> <span class='ocrx_word' id='word_1_127' title='bbox 912 2097 1187 2176; x_wconf 90' lang='lat' dir='ltr'>antiquissimus-</span> <span class='ocrx_word' id='word_1_128' title='bbox 1204 2107 1343 2179; x_wconf 88' lang='lat' dir='ltr'>quantum</span> 
     </span>
     <span class='ocr_line' id='line_1_18' title="bbox 303 2196 1345 2280; baseline 0.003 -17"><span class='ocrx_word' id='word_1_129' title='bbox 303 2201 528 2280; x_wconf 83' lang='lat' dir='ltr'>reperimus-</span> <span class='ocrx_word' id='word_1_130' title='bbox 554 2204 674 2278; x_wconf 87' lang='lat' dir='ltr'>auctor,</span> <span class='ocrx_word' id='word_1_131' title='bbox 707 2198 755 2277; x_wconf 93' lang='lat' dir='ltr'>qui</span> <span class='ocrx_word' id='word_1_132' title='bbox 786 2196 854 2259; x_wconf 90' lang='lat' dir='ltr'>data</span> <span class='ocrx_word' id='word_1_133' title='bbox 878 2215 968 2278; x_wconf 87' lang='lat' dir='ltr'>opera</span> <span class='ocrx_word' id='word_1_134' title='bbox 991 2199 1028 2259; x_wconf 87' lang='lat' dir='ltr'>de</span> <span class='ocrx_word' id='word_1_135' title='bbox 1049 2200 1198 2280; x_wconf 80' lang='lat' dir='ltr'>Erigonae</span> <span class='ocrx_word' id='word_1_136' title='bbox 1220 2200 1345 2266; x_wconf 88' lang='lat' dir='ltr'>historia</span> 
     </span>
     <span class='ocr_line' id='line_1_19' title="bbox 305 2298 1343 2383; baseline 0.001 -20"><span class='ocrx_word' id='word_1_137' title='bbox 305 2302 379 2383; x_wconf 84' lang='lat' dir='ltr'>egit,</span> <span class='ocrx_word' id='word_1_138' title='bbox 401 2315 546 2380; x_wconf 92' lang='lat' dir='ltr'>quemque</span> <span class='ocrx_word' id='word_1_139' title='bbox 570 2299 754 2380; x_wconf 91' lang='lat' dir='ltr'>posteriores</span> <span class='ocrx_word' id='word_1_140' title='bbox 772 2298 980 2362; x_wconf 86' lang='lat' dir='ltr'>chronieorum</span> <span class='ocrx_word' id='word_1_141' title='bbox 1000 2300 1161 2378; x_wconf 88' lang='lat' dir='ltr'>scriptores</span> <span class='ocrx_word' id='word_1_142' title='bbox 1184 2299 1285 2362; x_wconf 90' lang='lat' dir='ltr'>bacin</span> <span class='ocrx_word' id='word_1_143' title='bbox 1299 2319 1343 2377; x_wconf 89' lang='lat' dir='ltr'>re,</span> 
     </span>
     <span class='ocr_line' id='line_1_20' title="bbox 306 2399 1342 2480; baseline 0 -16"><span class='ocrx_word' id='word_1_144' title='bbox 306 2409 339 2464; x_wconf 91' lang='lat' dir='ltr'>ut</span> <span class='ocrx_word' id='word_1_145' title='bbox 361 2401 408 2477; x_wconf 90' lang='lat' dir='ltr'>lit,</span> <span class='ocrx_word' id='word_1_146' title='bbox 430 2400 614 2462; x_wconf 88' lang='lat' dir='ltr'>adverbum</span> <span class='ocrx_word' id='word_1_147' title='bbox 639 2399 703 2460; x_wconf 87' lang='lat' dir='ltr'>iere</span> <span class='ocrx_word' id='word_1_148' title='bbox 724 2401 820 2462; x_wconf 89' lang='lat' dir='ltr'>secuti</span> <span class='ocrx_word' id='word_1_149' title='bbox 841 2405 927 2476; x_wconf 90' lang='lat' dir='ltr'>sunt,</span> <span class='ocrx_word' id='word_1_150' title='bbox 949 2400 1064 2478; x_wconf 90' lang='lat' dir='ltr'>duobus</span> <span class='ocrx_word' id='word_1_151' title='bbox 1084 2401 1170 2478; x_wconf 91' lang='lat' dir='ltr'>locis,</span> <span class='ocrx_word' id='word_1_152' title='bbox 1206 2417 1280 2480; x_wconf 89' lang='lat' dir='ltr'>quos</span> <span class='ocrx_word' id='word_1_153' title='bbox 1303 2419 1342 2464; x_wconf 87' lang='lat' dir='ltr'>ex</span> 
     </span>
     <span class='ocr_line' id='line_1_21' title="bbox 302 2499 1345 2584; baseline 0.002 -21"><span class='ocrx_word' id='word_1_154' title='bbox 302 2501 466 2582; x_wconf 65' lang='lat' dir='ltr'>,preclusa</span> <span class='ocrx_word' id='word_1_155' title='bbox 497 2502 561 2562; x_wconf 90' lang='lat' dir='ltr'>eius</span> <span class='ocrx_word' id='word_1_156' title='bbox 581 2499 664 2562; x_wconf 92' lang='lat' dir='ltr'>libris</span> <span class='ocrx_word' id='word_1_157' title='bbox 687 2499 815 2562; x_wconf 76' lang='lat' dir='ltr'>monas</span> <span class='ocrx_word' id='word_1_158' title='bbox 837 2499 945 2562; x_wconf 83' lang='lat' dir='ltr'>Galeas</span> <span class='ocrx_word' id='word_1_159' title='bbox 965 2502 1099 2582; x_wconf 84' lang='lat' dir='ltr'>integros</span> <span class='ocrx_word' id='word_1_160' title='bbox 1121 2501 1280 2584; x_wconf 85' lang='lat' dir='ltr'>exscripsit</span> <span class='ocrx_word' id='word_1_161' title='bbox 1293 2505 1345 2580; x_wconf 49' lang='grc' dir='ltr'>3ἢ),</span> 
     </span>
     <span class='ocr_line' id='line_1_22' title="bbox 307 2601 1341 2684; baseline -0.003 -19"><span class='ocrx_word' id='word_1_162' title='bbox 307 2603 381 2666; x_wconf 90' lang='lat' dir='ltr'>satis</span> <span class='ocrx_word' id='word_1_163' title='bbox 402 2607 504 2682; x_wconf 91' lang='lat' dir='ltr'>aperte</span> <span class='ocrx_word' id='word_1_164' title='bbox 528 2601 635 2679; x_wconf 87' lang='lat' dir='ltr'>docet,</span> <span class='ocrx_word' id='word_1_165' title='bbox 656 2601 835 2682; x_wconf 82' lang='lat' dir='ltr'>Erigonam,</span> <span class='ocrx_word' id='word_1_166' title='bbox 861 2601 959 2663; x_wconf 87' lang='lat' dir='ltr'>adulta</span> <span class='ocrx_word' id='word_1_167' title='bbox 981 2602 1039 2663; x_wconf 90' lang='lat' dir='ltr'>iam</span> <span class='ocrx_word' id='word_1_168' title='bbox 1062 2609 1178 2681; x_wconf 87' lang='lat' dir='ltr'>aelate,</span> <span class='ocrx_word' id='word_1_169' title='bbox 1199 2609 1286 2684; x_wconf 89' lang='lat' dir='ltr'>atque</span> <span class='ocrx_word' id='word_1_170' title='bbox 1304 2603 1341 2662; x_wconf 93' lang='lat' dir='ltr'>ab</span> 
     </span>
     <span class='ocr_line' id='line_1_23' title="bbox 305 2702 1340 2785; baseline -0.004 -19"><span class='ocrx_word' id='word_1_171' title='bbox 305 2704 387 2773; x_wconf 86' lang='lat' dir='ltr'>omni</span> <span class='ocrx_word' id='word_1_172' title='bbox 413 2702 568 2765; x_wconf 90' lang='lat' dir='ltr'>doctrinae</span> <span class='ocrx_word' id='word_1_173' title='bbox 592 2719 706 2782; x_wconf 84' lang='lat' dir='ltr'>genere</span> <span class='ocrx_word' id='word_1_174' title='bbox 727 2705 921 2779; x_wconf 88' lang='lat' dir='ltr'>instructum,</span> <span class='ocrx_word' id='word_1_175' title='bbox 959 2703 989 2764; x_wconf 93' lang='lat' dir='ltr'>in</span> <span class='ocrx_word' id='word_1_176' title='bbox 1022 2703 1144 2766; x_wconf 89' lang='lat' dir='ltr'>Galliam</span> <span class='ocrx_word' id='word_1_177' title='bbox 1172 2703 1340 2785; x_wconf 85' lang='lat' dir='ltr'>perrexisse</span> 
     </span>
     <span class='ocr_line' id='line_1_24' title="bbox 306 2801 1341 2883; baseline -0.003 -16"><span class='ocrx_word' id='word_1_178' title='bbox 306 2804 346 2867; x_wconf 90' lang='lat' dir='ltr'>ad</span> <span class='ocrx_word' id='word_1_179' title='bbox 367 2803 505 2866; x_wconf 84' lang='lat' dir='ltr'>carolum</span> <span class='ocrx_word' id='word_1_180' title='bbox 528 2801 667 2878; x_wconf 86' lang='lat' dir='ltr'>Calvum,</span> <span class='ocrx_word' id='word_1_181' title='bbox 697 2802 745 2882; x_wconf 89' lang='lat' dir='ltr'>qui</span> <span class='ocrx_word' id='word_1_182' title='bbox 768 2802 807 2863; x_wconf 94' lang='lat' dir='ltr'>ob</span> <span class='ocrx_word' id='word_1_183' title='bbox 830 2820 895 2864; x_wconf 91' lang='lat' dir='ltr'>eom</span> <span class='ocrx_word' id='word_1_184' title='bbox 916 2803 1027 2882; x_wconf 91' lang='lat' dir='ltr'>ipsam,</span> <span class='ocrx_word' id='word_1_185' title='bbox 1061 2819 1147 2883; x_wconf 94' lang='lat' dir='ltr'>quam</span> <span class='ocrx_word' id='word_1_186' title='bbox 1179 2805 1282 2866; x_wconf 91' lang='lat' dir='ltr'>miram</span> <span class='ocrx_word' id='word_1_187' title='bbox 1309 2803 1341 2864; x_wconf 93' lang='lat' dir='ltr'>in</span> 
     </span>
     <span class='ocr_line' id='line_1_25' title="bbox 305 2902 1343 2981; baseline -0.004 -13"><span class='ocrx_word' id='word_1_188' title='bbox 305 2904 427 2968; x_wconf 90' lang='lat' dir='ltr'>bomine</span> <span class='ocrx_word' id='word_1_189' title='bbox 449 2904 552 2966; x_wconf 89' lang='lat' dir='ltr'>inesse</span> <span class='ocrx_word' id='word_1_190' title='bbox 572 2902 695 2979; x_wconf 89' lang='lat' dir='ltr'>viderit,</span> <span class='ocrx_word' id='word_1_191' title='bbox 725 2902 875 2966; x_wconf 88' lang='lat' dir='ltr'>literarum</span> <span class='ocrx_word' id='word_1_192' title='bbox 906 2903 1078 2981; x_wconf 87' lang='lat' dir='ltr'>scientiam,</span> <span class='ocrx_word' id='word_1_193' title='bbox 1112 2922 1178 2966; x_wconf 90' lang='lat' dir='ltr'>eum</span> <span class='ocrx_word' id='word_1_194' title='bbox 1202 2905 1268 2968; x_wconf 91' lang='lat' dir='ltr'>aula</span> <span class='ocrx_word' id='word_1_195' title='bbox 1289 2920 1343 2967; x_wconf 89' lang='lat' dir='ltr'>soe</span> 
     </span>
     <span class='ocr_line' id='line_1_26' title="bbox 305 3003 1342 3086; baseline -0.006 -16"><span class='ocrx_word' id='word_1_196' title='bbox 305 3003 522 3086; x_wconf 84' lang='lat' dir='ltr'>benignissime</span> <span class='ocrx_word' id='word_1_197' title='bbox 543 3005 705 3084; x_wconf 88' lang='lat' dir='ltr'>exceperit.</span> <span class='ocrx_word' id='word_1_198' title='bbox 746 3004 849 3085; x_wconf 92' lang='lat' dir='ltr'>Neque</span> <span class='ocrx_word' id='word_1_199' title='bbox 870 3004 1022 3083; x_wconf 82' lang='lat' dir='ltr'>habemus,</span> <span class='ocrx_word' id='word_1_200' title='bbox 1043 3005 1173 3067; x_wconf 87' lang='lat' dir='ltr'>curbae</span> <span class='ocrx_word' id='word_1_201' title='bbox 1194 3007 1225 3066; x_wconf 94' lang='lat' dir='ltr'>in</span> <span class='ocrx_word' id='word_1_202' title='bbox 1246 3022 1289 3078; x_wconf 89' lang='lat' dir='ltr'>re,</span> <span class='ocrx_word' id='word_1_203' title='bbox 1311 3003 1342 3064; x_wconf 96' lang='lat' dir='ltr'>id</span> 
     </span>
    </p>
   </div>
   <div class='ocr_carea' id='block_1_3' title="bbox 304 3099 1456 3189">
    <p class='ocr_par' dir='ltr' id='par_1_4' title="bbox 304 3099 1456 3189">
     <span class='ocr_line' id='line_1_27' title="bbox 304 3099 1456 3189; baseline -0.004 -21"><span class='ocrx_word' id='word_1_204' title='bbox 304 3105 384 3189; x_wconf 89' lang='lat' dir='ltr'>quod</span> <span class='ocrx_word' id='word_1_205' title='bbox 398 3105 476 3168; x_wconf 86' lang='lat' dir='ltr'>infra</span> <span class='ocrx_word' id='word_1_206' title='bbox 495 3107 526 3166; x_wconf 93' lang='lat' dir='ltr'>in</span> <span class='ocrx_word' id='word_1_207' title='bbox 540 3104 604 3168; x_wconf 90' lang='lat' dir='ltr'>aliis</span> <span class='ocrx_word' id='word_1_208' title='bbox 619 3106 708 3166; x_wconf 93' lang='lat' dir='ltr'>rebus</span> <span class='ocrx_word' id='word_1_209' title='bbox 721 3121 778 3166; x_wconf 90' lang='lat' dir='ltr'>usu</span> <span class='ocrx_word' id='word_1_210' title='bbox 792 3105 901 3181; x_wconf 90' lang='lat' dir='ltr'>veniet,</span> <span class='ocrx_word' id='word_1_211' title='bbox 916 3105 1071 3168; x_wconf 88' lang='lat' dir='ltr'>Guilielmo</span> <span class='ocrx_word' id='word_1_212' title='bbox 1087 3106 1126 3167; x_wconf 87' lang='lat' dir='ltr'>sit</span> <span class='ocrx_word' id='word_1_213' title='bbox 1142 3102 1341 3167; x_wconf 88' lang='lat' dir='ltr'>dillidendum.</span> <span class='ocrx_word' id='word_1_214' title='bbox 1454 3099 1456 3106; x_wconf 79' lang='grc'>’</span> 
     </span>
    </p>
   </div>
   <div class='ocr_carea' id='block_1_4' title="bbox 388 3201 1342 3286">
    <p class='ocr_par' dir='ltr' id='par_1_5' title="bbox 388 3201 1342 3286">
     <span class='ocr_line' id='line_1_28' title="bbox 388 3201 1342 3286; baseline -0.002 -18"><span class='ocrx_word' id='word_1_215' title='bbox 388 3205 460 3268; x_wconf 89' lang='lat' dir='ltr'>Cum</span> <span class='ocrx_word' id='word_1_216' title='bbox 482 3211 607 3286; x_wconf 91' lang='lat' dir='ltr'>utroque</span> <span class='ocrx_word' id='word_1_217' title='bbox 628 3205 697 3268; x_wconf 87' lang='lat' dir='ltr'>loco</span> <span class='ocrx_word' id='word_1_218' title='bbox 720 3206 826 3268; x_wconf 87' lang='lat' dir='ltr'>iisdem</span> <span class='ocrx_word' id='word_1_219' title='bbox 848 3206 912 3270; x_wconf 87' lang='lat' dir='ltr'>lere</span> <span class='ocrx_word' id='word_1_220' title='bbox 935 3206 1036 3269; x_wconf 88' lang='lat' dir='ltr'>verbis</span> <span class='ocrx_word' id='word_1_221' title='bbox 1058 3222 1129 3270; x_wconf 89' lang='lat' dir='ltr'>usus</span> <span class='ocrx_word' id='word_1_222' title='bbox 1148 3206 1197 3282; x_wconf 89' lang='lat' dir='ltr'>sit,</span> <span class='ocrx_word' id='word_1_223' title='bbox 1219 3201 1342 3266; x_wconf 86' lang='lat' dir='ltr'>alterum</span> 
     </span>
    </p>
   </div>
   <div class='ocr_carea' id='block_1_5' title="bbox 310 3379 576 3389">
    <p class='ocr_par' dir='ltr' id='par_1_6' title="bbox 310 3379 576 3389">
     <span class='ocr_line' id='line_1_29' title="bbox 310 3379 576 3389; baseline -0.008 0"><span class='ocrx_word' id='word_1_224' title='bbox 310 3379 562 3389; x_wconf 70' lang='lat'><em>————----.—....</em></span> <span class='ocrx_word' id='word_1_225' title='bbox 569 3385 576 3388; x_wconf 86' lang='lat'>..</span> 
     </span>
    </p>
   </div>
   <div class='ocr_carea' id='block_1_6' title="bbox 343 3475 687 3546">
    <p class='ocr_par' dir='ltr' id='par_1_7' title="bbox 343 3475 687 3546">
     <span class='ocr_line' id='line_1_30' title="bbox 343 3475 687 3546; baseline -0.009 -18"><span class='ocrx_word' id='word_1_226' title='bbox 343 3475 392 3546; x_wconf 83' lang='lat' dir='ltr'>oo)</span> <span class='ocrx_word' id='word_1_227' title='bbox 413 3475 448 3527; x_wconf 75' lang='lat' dir='ltr'>cr.</span> <span class='ocrx_word' id='word_1_228' title='bbox 468 3476 487 3527; x_wconf 91' lang='lat' dir='ltr'>r.</span> <span class='ocrx_word' id='word_1_229' title='bbox 506 3476 525 3527; x_wconf 86' lang='lat'>1.</span> <span class='ocrx_word' id='word_1_230' title='bbox 543 3494 568 3546; x_wconf 80' lang='lat' dir='ltr'>p.</span> <span class='ocrx_word' id='word_1_231' title='bbox 588 3475 639 3528; x_wconf 79' lang='lat' dir='ltr'>soa</span> <span class='ocrx_word' id='word_1_232' title='bbox 660 3476 687 3525; x_wconf 88' lang='lat' dir='ltr'>a.</span> 
     </span>
    </p>
   </div>
   <div class='ocr_carea' id='block_1_7' title="bbox 339 3589 1157 3668">
    <p class='ocr_par' dir='ltr' id='par_1_8' title="bbox 339 3589 1157 3668">
     <span class='ocr_line' id='line_1_31' title="bbox 339 3589 1157 3668; baseline -0.01 -18"><span class='ocrx_word' id='word_1_233' title='bbox 339 3597 387 3662; x_wconf 80' lang='lat'>31)</span> <span class='ocrx_word' id='word_1_234' title='bbox 406 3598 437 3650; x_wconf 89' lang='lat' dir='ltr'>ln</span> <span class='ocrx_word' id='word_1_235' title='bbox 458 3614 512 3668; x_wconf 84' lang='lat' dir='ltr'>que</span> <span class='ocrx_word' id='word_1_236' title='bbox 530 3595 643 3665; x_wconf 75' lang='lat' dir='ltr'>Erigone</span> <span class='ocrx_word' id='word_1_237' title='bbox 664 3611 773 3668; x_wconf 79' lang='lat' dir='ltr'>quoque</span> <span class='ocrx_word' id='word_1_238' title='bbox 794 3589 854 3646; x_wconf 84' lang='lat' dir='ltr'>fuit.</span> <span class='ocrx_word' id='word_1_239' title='bbox 874 3591 942 3646; x_wconf 67' lang='lat' dir='ltr'>Vid,</span> <span class='ocrx_word' id='word_1_240' title='bbox 958 3610 1017 3662; x_wconf 81' lang='lat' dir='ltr'>sup.</span> <span class='ocrx_word' id='word_1_241' title='bbox 1038 3597 1094 3643; x_wconf 88' lang='lat' dir='ltr'>not.</span> <span class='ocrx_word' id='word_1_242' title='bbox 1115 3591 1157 3645; x_wconf 79' lang='lat'>27.</span> 
     </span>
    </p>
   </div>
   <div class='ocr_carea' id='block_1_8' title="bbox 340 3707 1342 3858">
    <p class='ocr_par' dir='ltr' id='par_1_9' title="bbox 340 3707 1342 3858">
     <span class='ocr_line' id='line_1_32' title="bbox 340 3707 1342 3788; baseline -0.015 -16"><span class='ocrx_word' id='word_1_243' title='bbox 340 3719 389 3788; x_wconf 78' lang='lat'>32)</span> <span class='ocrx_word' id='word_1_244' title='bbox 407 3719 441 3770; x_wconf 86' lang='lat' dir='ltr'>cf.</span> <span class='ocrx_word' id='word_1_245' title='bbox 460 3718 528 3769; x_wconf 85' lang='lat' dir='ltr'>Hist.</span> <span class='ocrx_word' id='word_1_246' title='bbox 547 3718 602 3770; x_wconf 88' lang='lat' dir='ltr'>litt.</span> <span class='ocrx_word' id='word_1_247' title='bbox 622 3717 656 3769; x_wconf 86' lang='lat' dir='ltr'>de</span> <span class='ocrx_word' id='word_1_248' title='bbox 677 3716 702 3767; x_wconf 83' lang='lat' dir='ltr'>le</span> <span class='ocrx_word' id='word_1_249' title='bbox 722 3717 822 3768; x_wconf 74' lang='lat' dir='ltr'>Franco</span> <span class='ocrx_word' id='word_1_250' title='bbox 845 3721 908 3766; x_wconf 87' lang='lat' dir='ltr'>tom.</span> <span class='ocrx_word' id='word_1_251' title='bbox 927 3713 966 3776; x_wconf 90' lang='lat' dir='ltr'>V,</span> <span class='ocrx_word' id='word_1_252' title='bbox 992 3729 1020 3782; x_wconf 89' lang='lat' dir='ltr'>p.</span> <span class='ocrx_word' id='word_1_253' title='bbox 1046 3710 1098 3764; x_wconf 81' lang='lat'>240</span> <span class='ocrx_word' id='word_1_254' title='bbox 1122 3726 1178 3780; x_wconf 79' lang='lat' dir='ltr'>req.</span> <span class='ocrx_word' id='word_1_255' title='bbox 1200 3737 1233 3751; x_wconf 89' lang='lat'>-·</span> <span class='ocrx_word' id='word_1_256' title='bbox 1251 3707 1342 3777; x_wconf 80' lang='lat' dir='ltr'>etqui</span> 
     </span>
     <span class='ocr_line' id='line_1_33' title="bbox 405 3804 811 3858; baseline -0.007 0"><span class='ocrx_word' id='word_1_257' title='bbox 405 3804 445 3858; x_wconf 87' lang='lat' dir='ltr'>ibi</span> <span class='ocrx_word' id='word_1_258' title='bbox 463 3805 609 3858; x_wconf 82' lang='lat' dir='ltr'>laudantur</span> <span class='ocrx_word' id='word_1_259' title='bbox 627 3814 757 3858; x_wconf 77' lang='lat' dir='ltr'>auctores.</span> <span class='ocrx_word' id='word_1_260' title='bbox 776 3835 811 3845; x_wconf 95' lang='lat'><strong>—</strong></span> 
     </span>
    </p>
   </div>
   <div class='ocr_carea' id='block_1_9' title="bbox 344 3909 1344 4085">
    <p class='ocr_par' dir='ltr' id='par_1_10' title="bbox 344 3909 1344 4085">
     <span class='ocr_line' id='line_1_34' title="bbox 344 3909 1344 3995; baseline -0.022 -15"><span class='ocrx_word' id='word_1_261' title='bbox 344 3927 391 3995; x_wconf 81' lang='lat'>33)</span> <span class='ocrx_word' id='word_1_262' title='bbox 411 3925 446 3979; x_wconf 84' lang='lat' dir='ltr'>ei.</span> <span class='ocrx_word' id='word_1_263' title='bbox 463 3927 582 3978; x_wconf 80' lang='lat' dir='ltr'>Historia</span> <span class='ocrx_word' id='word_1_264' title='bbox 599 3925 657 3978; x_wconf 80' lang='lat' dir='ltr'>eius</span> <span class='ocrx_word' id='word_1_265' title='bbox 677 3925 738 3979; x_wconf 89' lang='lat' dir='ltr'>Hib.</span> <span class='ocrx_word' id='word_1_266' title='bbox 757 3923 818 3978; x_wconf 87' lang='lat' dir='ltr'>Vol.</span> <span class='ocrx_word' id='word_1_267' title='bbox 843 3925 864 3984; x_wconf 89' lang='lat'>1,</span> <span class='ocrx_word' id='word_1_268' title='bbox 894 3938 950 3992; x_wconf 87' lang='lat' dir='ltr'>cap.</span> <span class='ocrx_word' id='word_1_269' title='bbox 972 3920 1012 3974; x_wconf 80' lang='lat'>13.</span> <span class='ocrx_word' id='word_1_270' title='bbox 1040 3920 1117 3972; x_wconf 75' lang='lat' dir='ltr'>Vere.</span> <span class='ocrx_word' id='word_1_271' title='bbox 1137 3915 1263 3968; x_wconf 80' lang='lat' dir='ltr'>German.</span> <span class='ocrx_word' id='word_1_272' title='bbox 1284 3909 1344 3963; x_wconf 83' lang='lat' dir='ltr'>Vol.</span> 
     </span>
     <span class='ocr_line' id='line_1_35' title="bbox 408 4011 556 4085; baseline -0.007 -20"><span class='ocrx_word' id='word_1_273' title='bbox 408 4014 430 4078; x_wconf 88' lang='lat' dir='ltr'>l,</span> <span class='ocrx_word' id='word_1_274' title='bbox 449 4032 475 4085; x_wconf 85' lang='lat' dir='ltr'>p.</span> <span class='ocrx_word' id='word_1_275' title='bbox 494 4011 556 4066; x_wconf 77' lang='lat'><strong>354.</strong></span> 
     </span>
    </p>
   </div>
   <div class='ocr_carea' id='block_1_10' title="bbox 341 4121 1077 4204">
    <p class='ocr_par' dir='ltr' id='par_1_11' title="bbox 341 4121 1077 4204">
     <span class='ocr_line' id='line_1_36' title="bbox 341 4121 1077 4204; baseline -0.015 -16"><span class='ocrx_word' id='word_1_276' title='bbox 341 4133 389 4204; x_wconf 72' lang='grc'>34)</span> <span class='ocrx_word' id='word_1_277' title='bbox 410 4135 444 4188; x_wconf 83' lang='lat' dir='ltr'>ei.</span> <span class='ocrx_word' id='word_1_278' title='bbox 463 4133 564 4187; x_wconf 81' lang='lat' dir='ltr'>Thom.</span> <span class='ocrx_word' id='word_1_279' title='bbox 582 4131 659 4186; x_wconf 85' lang='lat' dir='ltr'>Gale.</span> <span class='ocrx_word' id='word_1_280' title='bbox 678 4131 697 4188; x_wconf 88' lang='grc' dir='ltr'>Ι.</span> <span class='ocrx_word' id='word_1_281' title='bbox 721 4130 738 4183; x_wconf 86' lang='lat' dir='ltr'>l.</span> <span class='ocrx_word' id='word_1_282' title='bbox 758 4130 855 4183; x_wconf 77' lang='lat' dir='ltr'>testim.</span> <span class='ocrx_word' id='word_1_283' title='bbox 874 4144 900 4199; x_wconf 88' lang='lat' dir='ltr'>p.</span> <span class='ocrx_word' id='word_1_284' title='bbox 921 4124 937 4180; x_wconf 86' lang='lat'><strong>5</strong></span> <span class='ocrx_word' id='word_1_285' title='bbox 956 4132 985 4178; x_wconf 84' lang='lat' dir='ltr'>ot</span> <span class='ocrx_word' id='word_1_286' title='bbox 1002 4137 1029 4194; x_wconf 82' lang='lat' dir='ltr'>p·</span> <span class='ocrx_word' id='word_1_287' title='bbox 1052 4121 1077 4177; x_wconf 88' lang='grc'>7.</span> 
     </span>
    </p>
   </div>
   <div class='ocr_carea' id='block_1_11' title="bbox 0 0 1517 4950">
    <p class='ocr_par' dir='ltr' id='par_1_12' title="bbox 0 0 1517 4950">
     <span class='ocr_line' id='line_1_37' title="bbox 0 0 1517 4950; baseline 0 0"><span class='ocrx_word' id='word_1_288' title='bbox 0 0 1517 4950; x_wconf 95' lang='lat' dir='ltr'> </span> 
     </span>
    </p>
   </div>
  </div>
 </body>
</html>
