3010 4946
1158 491 1198 556 97

163 673 213 734 dei
251 671 408 751 unigenito
441 671 625 747 continetur,
656 682 759 730 verum
782 669 871 730 etiam
891 669 1025 732 eiusdem
1048 672 1114 732 cum
1135 671 1200 750 ipso

162 778 211 832 est
246 773 442 833 substantiae.
498 771 594 832 Potuit
621 769 712 850 igitur
739 769 846 831 Seutus
873 773 943 832 iure
973 769 1204 850 quodammodo,

163 889 241 951 quae
279 871 457 934 Goerresius
494 870 584 950 dicit,
618 881 673 950 pro
712 868 920 950 philosophiae
940 885 1024 933 ‘suae
1062 871 1203 949 decretis,

163 987 272 1034 reuera
293 971 419 1033 docere.

250 1071 353 1150 ltaque
381 1071 490 1132 lactum
529 1075 591 1147 est,
621 1074 654 1130 ut
687 1066 885 1130 contenderet
913 1067 976 1146 (ΙΙΙ,
1013 1069 1070 1146 lt),
1092 1070 1204 1148 ,ipsum

164 1171 295 1233 Verbum
329 1172 366 1250 (b.
400 1189 427 1232 e.
456 1169 547 1232 lilium
583 1169 641 1248 dei)
674 1175 704 1228 et
726 1167 914 1248 multiplicem
941 1169 1031 1228 tutius
1064 1170 1205 1229 conditae

165 1273 367 1334 universitatis
395 1273 541 1334 rationem
562 1269 837 1350 principalissimam
859 1268 897 1347 (b.
913 1285 940 1329 e.
954 1267 1094 1330 Naturam
1111 1287 1208 1330 crea-

166 1379 225 1433 tam
262 1379 432 1444 creantem)
460 1389 529 1432 esse
562 1373 652 1432 unum
688 1377 718 1431 et
746 1369 777 1430 id
797 1371 918 1449 ipsum.“
960 1369 1057 1449 Atque
1078 1377 1133 1446 est,
1158 1371 1209 1429 ubi

164 1481 281 1533 maiore
305 1475 393 1534 etiam
417 1473 485 1533 nisu
506 1489 567 1531 rem
589 1471 730 1551 gesserit.
753 1470 889 1531 Allumat
903 1470 980 1530 enim
1005 1468 1208 1549 (lilio-91.)

171 1564 426 1634 confidentissime
449 1573 539 1633 etiam
560 1572 635 1632 boc:
660 1571 765 1649 ,lulium
789 1571 855 1630 dei‘
876 1577 946 1649 (non
967 1571 1112 1650 genitum,
1135 1573 1206 1646 scd)
1279 1573 1286 1592 '

172 1683 340 1752 ,creatum,
362 1676 391 1734 iu
414 1680 617 1735 creaturarum
637 1687 761 1733 numero
783 1670 921 1732 lactumf‘
944 1707 984 1718 -
1040 1665 1043 1678 '

115 1843 118 1850 ,
183 1773 185 1778 ’
254 1774 363 1836 Verum
397 1776 568 1848 enimvero,
599 1789 665 1833 cum
689 1770 765 1846 alias,
782 1771 854 1832 satis
877 1777 1051 1832 constanter
1067 1769 1210 1831 ‘docean-

171 1880 224 1936 tur
243 1893 297 1954 ea,
330 1892 406 1953 quae
427 1891 516 1955 supra
539 1873 762 1954 explicavimus,
787 1889 885 1953 neque
907 1888 1080 1952 quemquam
1106 1872 1211 1952 lugere

168 1977 286 2054 possit,
321 1977 442 2039 Scotum
464 1976 511 2036 bis
531 1975 606 2036 locis
631 1974 691 2054 (ΙΙΙ,
714 1976 732 2036 9
755 1981 785 2036 et
806 1959 967 2054 praecipue
988 1971 1037 2051 ΙΙΙ,
1062 1974 1209 2048 att-91.)

170 2073 256 2135 aliam
278 2075 426 2162 quandam
456 2091 520 2137 rem
552 2073 699 2154 probandi
731 2073 829 2134 studio
852 2074 946 2134 luisse
968 2073 1130 2152 abreptum,
1153 2090 1209 2134 nos

170 2177 287 2258 quidem
320 2175 388 2253 illa,
410 2175 500 2236 lilium
528 2173 595 2252 ,dei
627 2191 693 2235 cum
713 2174 823 2236 Natura
847 2175 1094 2234 creala'creanta
1116 2190 1206 2233 uuum

172 2293 241 2337 esse
263 2282 291 2335 et
313 2273 343 2336 id
367 2275 489 2354 ipsum,“
510 2289 553 2322 -’
572 2273 677 2351 ,lilium
703 2273 843 2334 delesse
867 2277 1033 2351 creatum,“
1056 2290 1117 2334 non
1140 2291 1209 2333 om-

169 2377 242 2436 niuo
264 2373 302 2436 ad
328 2375 426 2436 vivum
448 2358 650 2436 existimamus
671 2372 852 2454 resecanda.

642 2519 671 2586 p.
692 2509 741 2569 31.

257 2625 289 2686 C.
334 2624 475 2686 Venimus
495 2641 573 2686 nunc
598 2624 636 2684 ad
666 2623 797 2702 ,tertiam
818 2623 947 2684 Naturae
968 2619 1111 2699 speciem,
1132 2637 1208 2698 quae

170 2731 300 2802 creatur,
325 2733 355 2786 et
374 2742 436 2786 non
458 2733 571 2787 creat.“
592 2761 631 2775 -

186 2890 189 2895 ,
218 2863 222 2872 ·
257 2825 356 2903 ,llaec
388 2827 507 2904 species
527 2826 558 2886 in
582 2825 618 2886 iis
641 2817 730 2894 rebus
752 2821 940 2902 intelligitur,
960 2837 1037 2900 quae
1058 2821 1087 2880 in
1108 2809 1208 2898 gene-

169 2927 286 2986 ratione
314 2925 556 3006 temporibusque
588 2943 622 2986 ac
652 2923 727 2984 locis
751 2928 975 3006 cognoscuntur
995 2920 1024 2982 h.
1046 2937 1074 2979 e.
1097 2921 1127 2979 in
1143 2921 1207 2998 pri-

169 3024 355 3086 mordialium
377 3043 534 3088 causarum
556 3023 711 3086 effectibus
734 3022 903 3084 extremis.“
928 3019 961 3099 (Ι,
986 3017 1148 3098 1;1V,t.)

635 3180 666 3247 §.
690 3171 739 3234 32.
796 3175 798 3180 ’

258 3287 372 3350 Causae
395 3288 487 3368 igitur
509 3287 734 3368 primordiales,
756 3305 855 3348 rerum
878 3285 1018 3362 omnium,
1044 3300 1121 3363 quae
1142 3281 1206 3344 Na-

170 3392 234 3448 tura
258 3395 359 3450 creata
383 3407 444 3451 non
465 3397 585 3452 creante
611 3390 912 3470 comprehenduntur,
933 3386 1068 3466 exempla
1088 3387 1205 3465 princi-

169 3487 266 3566 palia,
302 3507 375 3568 quas
408 3490 482 3553 deus
516 3509 610 3572 usqua
642 3493 678 3552 ab
710 3491 790 3551 omni
821 3489 996 3550 aeternitate
1017 3488 1048 3548 in
1068 3487 1128 3548 lilio
1150 3503 1206 3548 suo

172 3587 369 3667 condiderat,
403 3609 524 3671 semper
556 3593 586 3651 in
618 3590 725 3652 eudem
757 3589 910 3671 unigenito
941 3588 990 3649 dei
1013 3587 1072 3648 lulio
1094 3586 1206 3648 substi-

168 3692 274 3748 terunt.
296 3697 338 3764 (p.
363 3682 709 3768 93-303111,8-tt)
761 3692 852 3770 ,Dum
883 3696 980 3751 autem
1004 3690 1035 3750 in
1059 3689 1204 3768 principio

169 3789 310 3864 omnium,
334 3791 365 3848 in
398 3791 494 3852 verbe
524 3790 572 3852 dei
594 3781 767 3870 unigenito,
798 3792 972 3854 substitutae
992 3789 1205 3870 intelliguntur,

168 3903 256 3948 uuum
280 3895 349 3948 sunt
380 3895 410 3950 ct
439 3889 608 3968 simplices,
628 3890 767 3972 nulloque
793 3893 914 3974 cognito
935 3891 1042 3952 ordine
1064 3890 1204 3951 definitae

168 3991 219 4046 aut
240 3995 427 4068 segregatae.
488 3991 554 4052 lloc
589 3992 620 4052 in
638 3991 804 4054 'effectibus
835 3995 897 4054 suis
929 3993 1084 4072 patiuntur.
1128 3991 1204 4052 lium

168 4084 247 4144 enim
270 4088 299 4146 in
322 4088 446 4153 effectus
466 4107 556 4167 suos,
581 4091 609 4151 in
631 4091 772 4153 inlinitum
794 4093 1013 4173 multiplicatos,
1032 4091 1201 4170 procedunt

167 4185 233 4246 sive
267 4187 430 4272 proluunt,
454 4211 642 4256 numerosam
663 4193 887 4272 ordinatamque
919 4195 965 4256 sui
1003 4192 1198 4272 pluralitatem
