3010 4946
1122 519 1180 587 119

137 725 236 771 reram
260 713 365 768 natura
400 721 461 766 oon
497 705 655 766 invenitor.
704 685 808 780 Neque
832 702 911 761 enirn
935 704 982 760 est
1001 698 1122 778 propria
1146 713 1183 759 aa

139 814 223 871 oeria
255 807 432 884 substantia,
466 803 521 867 sed
543 803 615 865 nihii
637 803 695 864 nisi
717 808 814 864 motus
839 800 967 881 quidam.
990 833 1035 882 -.
1052 797 1106 860 Est
1126 813 1184 859 aa·
1222 845 1225 850 .

138 915 197 972 tem
221 913 319 970 motus
339 906 389 967 iiie
411 923 473 966 non
497 910 622 967 naturae
644 904 700 976 (ita
722 904 801 963 enim
825 900 862 963 ad
887 903 980 980 ipsum
1004 899 1103 974 deum,
1132 897 1183 977 qui

138 1025 206 1069 eam
227 1007 308 1082 feeit,
328 1005 520 1082 referretur),
541 1003 595 1065 sed
608 1002 723 1064 liberae
733 1001 904 1063 voluntatis.
929 997 1053 1079 „Maium
1075 1003 1183 1076 auteur,

68 1089 76 1106 ⁸
138 1125 194 1188 per
213 1125 248 1169 se
270 1105 503 1181 consideratam,
539 1107 664 1165 omnino
684 1101 755 1162 nihil
778 1107 825 1164 est
846 1107 967 1181 praeter
987 1097 1183 1161 irrationabi-

139 1209 208 1284 iem,
240 1223 417 1286 perversum
439 1205 554 1266 liberae
588 1202 750 1265 voluntatis
778 1207 918 1263 motum.“
951 1235 991 1249 -
1022 1197 1183 1278 „Voluntas

139 1309 282 1384 (enim)“‚
303 1312 335 1368 ut
365 1304 424 1366 alio
459 1303 528 1366 loeo
564 1297 705 1382 scriptum
728 1308 793 1381 est,
816 1301 926 1380 „libera
950 1300 989 1362 ad
1011 1298 1184 1378 eligendum

138 1409 260 1482 bonum,
281 1424 315 1468 se
338 1407 432 1485 ipsam
457 1404 598 1467 servitem
622 1403 694 1465 seoit
715 1403 753 1464 ad
775 1401 961 1483 sequendum
985 1399 1121 1460 malumst
1142 1435 1183 1448 -

138 1507 202 1583 (tv,
224 1505 262 1567 tfi
288 1505 351 1584 [ed.
371 1504 431 1565 Ox.
453 1505 482 1583 'p.
504 1505 576 1581 966,
599 1517 627 1582 p.
649 1501 743 1582 906];
775 1501 809 1581 V,
839 1501 897 1580 96,
919 1500 960 1564 36
983 1500 1049 1586 [ed.
1075 1499 1131 1563 Ox.
1153 1515 1184 1578 p.

138 1608 208 1684 aea,
229 1605 429 1687 aaa-oaa];
452 1605 498 1680 tv,
525 1606 574 1680 14,
595 1606 646 1682 aa,
668 1603 730 1678 aa.)
959 1588 961 1592 ’

220 1707 255 1768 li.
299 1706 394 1780 Quom
415 1710 515 1768 iaroen
536 1706 626 1768 etiam
650 1703 744 1766 libera
767 1701 907 1765 volontas
928 1720 945 1763 a
969 1699 1028 1762 deo
1050 1701 1089 1762 sit
1103 1698 1183 1776 data,

138 1807 202 1869 iore
236 1807 285 1867 aei
321 1807 378 1867 hoo
409 1806 475 1867 sota
506 1805 544 1865 de
577 1821 668 1866 eausa
690 1811 801 1866 motam
823 1803 903 1864 iilum
924 1817 1183 1884 perversumoon

137 1907 256 1987 proprie
278 1906 397 1982 maiore,
419 1905 473 1968 sed
498 1905 664 1984 „itttettumss
699 1903 905 1967 tantummodo
939 1919 1097 1984 possumus
1127 1917 1184 1981 ap-

137 2008 259 2088 pellare.
284 2007 337 2083 (V,
358 2006 400 2069 36
423 2007 485 2085 [ed.
506 2007 562 2068 Ox.
578 2023 607 2086 p.
627 2007 698 2092 969,
721 2008 792 2083 986,
816 2005 919 2082 988]).

218 2107 268 2169 lii.
311 2108 351 2170 At
385 2095 561 2187 quibasdam
596 2106 664 2168 aiiis
701 2106 778 2168 iocis
804 2105 916 2168 Noster
939 2105 1036 2192 ¹mutto
1066 2105 1182 2167 acutius

138 2223 239 2268 veram
261 2210 306 2269 rei
337 2209 485 2271 rationem
510 2207 628 2269 videtur
649 2208 851 2286 perspexisse.
897 2197 1107 2270 Saitem'eniar
1129 2225 1183 2269 sa-

137 2307 175 2368 tis
206 2308 396 2370 confidenter
433 2325 500 2369 oum
536 2309 614 2386 alia,
645 2314 705 2370 turn
728 2307 805 2371 haee
827 2309 963 2370 affirmat:
994 2313 1109 2388 „motos
1132 2306 1182 2369 ille

137 2424 298 2486 perversos
341 2416 427 2471 extra
468 2415 602 2471 naturam
644 2415 675 2470 et
711 2427 756 2470 ex*
790 2407 908 2472 bestiali
953 2409 1183 2488 intemperantia

136 2513 269 2586 sumptus
293 2510 471 2587 perspicitur
480 2516 505 2570 =“
537 2549 579 2561 -
602 2509 725 2588 „maium
761 2508 870 2572 nuliam
905 2509 991 2572 aliam
1020 2509 1050 2569 in
1081 2525 1182 2571 rerum

137 2614 242 2670 natura
264 2608 368 2668 sedem
402 2611 529 2688 reperit,
562 2610 620 2670 atsi
654 2611 706 2671 abi
741 2609 857 2672 falsitas
888 2607 1024 2690 possidet
1046 2607 1076 2669 h.
1099 2626 1126 2670 e.
1150 2607 1181 2668 in

137 2725 229 2769 sensu
246 2715 433 2787 corporeo:‘
455 2738 493 2759 ⁴-
519 2725 602 2788 „oum
616 2709 723 2771 malurn
746 2710 931 2774 exsaturati
955 2716 1063 2772 causa“
1086 2708 1130 2780 (h.
1152 2725 1181 2768 e.

137 2815 315 2884 exsatura,
343 2827 360 2869 a
391 2808 449 2870 deo
486 2808 581 2887 faeta)
620 2827 697 2888 „non
730 2818 889 2888 nascatur,
917 2813 1032 2873 rectius
1065 2807 1184 2870 videtur

88 2986 90 2992 Ι
140 2925 209 2970 esse
241 2908 449 2986 „libidinosum
486 2913 662 2989 appetiturrr‘⁵
694 2912 758 2972 eius
792 2929 912 2974 oausam
950 2912 1062 2988 dicere,
1092 2925 1181 2992 quam

138 3007 243 3070 malam
265 3009 469 3072 volontatem:
490 3009 551 3073 irio·
566 3013 644 3072 enim
669 3013 853 3074 naturalibus
875 3013 964 3076 bonis
987 3011 1181 3076 excinditur.“

70 3138 77 3154 ·
138 3145 176 3156 -
198 3109 246 3187 lv,
272 3110 309 3172 16
333 3110 395 3188 [ed.
417 3112 473 3174 Ox.
496 3131 523 3192 p.
546 3111 617 3189 906,
640 3113 734 3192 905];
756 3113 804 3191 tv,
827 3117 865 3177 99
881 3115 941 3199 [ed.
965 3115 1021 3176 Ox.
1039 3131 1066 3195 p.
1088 3115 1187 3191 916];’

138 3208 172 3285 V,
193 3210 234 3272 36
257 3210 319 3290 [ed.
346 3211 402 3272 Ox.
426 3229 453 3292 p.
477 3212 547 3289 2863
569 3214 668 3288 9871).

221 3311 270 3373 tv.
311 3311 419 3374 Maiam
456 3319 572 3390 autem,
602 3331 693 3393 paam
714 3328 813 3393 neque
834 3319 916 3374 oerta
940 3312 1087 3392 quaedam
1107 3311 1183 3373 sob-

138 3412 244 3470 stantia
266 3413 324 3490 sit,
360 3429 460 3493 neque
493 3414 655 3491 „accidens
687 3413 856 3489 naturaie“‚
876 3415 985 3476 scotus
1011 3397 1182 3474 etiom'hoo

138 3509 309 3572 contendit:
335 3514 476 3588 „Animus
499 3513 617 3575 divinus
639 3513 748 3576 auitum
768 3505 888 3590 maiam,
910 3512 1019 3574 nattam
1039 3513 1182 3574 maiitiam

139 3609 233 3670 novit.
260 3610 367 3672 Divina
390 3615 469 3674 enim
490 3613 617 3676 soieotia
641 3631 732 3677 eausa
748 3621 796 3675 est
808 3615 997 3676 existentium
1012 3615 1068 3690 ³2):
1092 3611 1182 3673 ideo-

137 3729 206 3790 que,
230 3709 372 3791 quidquid
404 3717 506 3791 novit,
537 3713 665 3778 neeesse
702 3721 767 3790 est,
788 3715 819 3776 in
841 3721 946 3776 natura
973 3729 1074 3774 rerum
1094 3711 1181 3789 tieri3

137 3811 218 3890 qood
242 3817 339 3874 autem
372 3814 402 3872 ia
433 3821 538 3876 natura
559 3833 659 3877 reram
690 3830 750 3878 noa
774 3816 932 3892 invenitur,
955 3829 1055 3894 neque
1076 3813 1108 3874 io
1130 3812 1181 3874 di-

136 3911 205 3972 vioa
227 3912 355 3996 seientia
378 3913 507 3975 inveniri
531 3922 641 3994 potest.
665 3953 705 3964 -
733 3917 812 3977 Deus
832 3916 932 3995 itaque
954 3907 1061 3976 nesoit'
1075 3928 1181 3974 omnes

137 4011 257 4073 divinae
278 4013 356 4095 legis
378 4017 659 4095 praevaricatores:
692 4016 808 4080 illorum
845 4017 1043 4094 substantias,
1076 4029 1180 4078 omne.

142 4168 424 4186 ,Μ

172 4229 219 4304 32)
237 4232 272 4282 cf.
292 4249 371 4302 supra
390 4236 477 4306 §.15.
496 4265 528 4277 -
610 4235 613 4242 ¹
