3010 4946
1101 457 1161 521 193

117 638 148 699 in
173 643 307 716 tempore
330 635 390 699 ullo
411 651 482 698 esse
504 635 665 698 eredimus.
720 636 813 698 Errmt
835 643 947 700 tanturn
969 640 999 700 in
1024 637 1165 702 malarum

119 737 302 800 voluntatum
324 743 355 799 et
376 743 579 818 corruptarum
604 738 855 800 conscientiarum
884 739 1015 801 motibus
1039 755 1167 819 perver-

120 842 163 903 sis
187 877 227 890 -
249 857 469 921 perversaeque
501 841 655 920 potentiae
709 841 881 903 omnimodo
915 842 1114 904 subversione
1136 841 1166 902 h.

121 959 149 1008 e.
180 943 209 1002 in
231 937 391 1004 -e'xslincta
423 942 505 1002 omni
538 943 661 1003 omnino
690 940 830 1002 facultate
851 941 1014 1020 peccandi,
1037 939 1130 1001 males
1147 973 1167 987 -

123 1043 233 1119 ciendi,
267 1044 357 1122 impie
390 1041 509 1123 agendi.
565 1041 621 1102 Ubi
652 1041 739 1102 ludas
761 1040 898 1121 proditor
920 1047 1073 1121 torquetur
1085 1042 1104 1108 2·
1127 1077 1167 1089 -

124 1145 287 1224 Nusquam,
309 1143 366 1204 nisi
388 1144 419 1203 in
440 1141 552 1222 polluta
575 1159 627 1202 sua
655 1143 861 1210 conscientia!
892 1141 1015 1216 Qualem
1039 1158 1167 1221 poenam

121 1243 260 1324 patitur?
282 1275 319 1288 -
356 1243 460 1302 Seram
490 1240 705 1320 poenitentiam
741 1247 771 1302 ct
803 1240 950 1320 inutilem,
972 1259 1029 1322 qua
1049 1257 1169 1321 semper

120 1345 223 1406 uritur.
244 1381 286 1390 —
308 1342 517 1422 Unusquisque
539 1342 628 1421 impie
648 1343 809 1403 viventium
838 1343 900 1421 ipsa
938 1341 1076 1404 vitiorum
1100 1341 1167 1403 libi-

122 1444 202 1520 dine,
227 1459 284 1523 qua
303 1443 333 1503 in
356 1459 448 1505 carne
471 1445 594 1517 exarsit,
623 1441 703 1503 velut
725 1442 852 1522 quadam
874 1441 991 1504 llemma
1019 1442 1168 1504 inexstin.

120 1543 224 1626 guibili
247 1544 459 1624 torquebitur.“
481 1543 533 1621 (V,
559 1543 626 1619 99.)

219 1645 284 1706 Νοη
309 1650 376 1720 sunt
404 1644 496 1724 igitur
527 1643 604 1703 male
637 1643 783 1705 laetorum
818 1660 935 1722 poenae
957 1643 1014 1704 nisi
1039 1643 1070 1704 in
1093 1660 1167 1722 per-

122 1763 210 1806 versa
232 1745 384 1805 voluntale
410 1751 498 1823 atque
521 1746 550 1805 in
574 1745 704 1823 ipsorum
730 1743 807 1806 male
834 1745 980 1806 laetorum
1003 1746 1169 1805 conscien-

122 1846 172 1909 tia.
216 1845 302 1919 Quod
333 1847 460 1920 Scelus,
492 1851 524 1906 ut
553 1845 583 1905 in
609 1845 686 1908 ttbro
710 1834 935 1925 de'praedest,
958 1846 998 1906 ita
1023 1851 1053 1906 et
1072 1846 1102 1906 in
1128 1843 1168 1905 li·

124 1945 185 2007 bris
209 1945 246 2006 de
272 1947 330 2006 div.
364 1953 488 2007 naturae
523 1945 683 2026 diligenter
713 1946 815 2008 tenuit.
871 1945 947 2007 Hinc
977 1945 1085 2007 iactum
1109 1949 1166 2022 esi,

122 2051 172 2122 ut,
206 2047 255 2126 qui
296 2052 418 2108 aeterna
462 2047 618 2125 impiorum
649 2045 800 2107 bominum
836 2047 979 2126 supplicia
1019 2064 1036 2106 a
1070 2047 1164 2111 Scuto

93 2147 239 2207 'inostro
263 2149 380 2224 penitus
412 2145 531 2226 explodi
568 2145 766 2224 affirmarent,
801 2147 970 2207 exstiterint
990 2144 1170 2226 perplurimi.

124 2247 164 2306 At
183 2245 292 2305 Scelus
312 2245 384 2307 nibil
407 2246 486 2308 aliud
509 2248 643 2326 negavit,
666 2247 734 2324 nisi,
755 2246 785 2307 id
809 2246 900 2326 quod,
922 2247 970 2328 qui
987 2251 1071 2307 reete
1093 2262 1168 2306 sen-

126 2347 210 2420 iunt,
233 2361 338 2406 ornnes
372 2353 505 2429 negant,
540 2353 651 2408 certum
675 2347 823 2427 quendam
846 2354 896 2408 aut
917 2365 990 2408 vero
1013 2347 1084 2428 igne
1104 2345 1171 2426 ple-

126 2461 194 2505 num
218 2445 341 2508 istorum
361 2448 572 2528 suppliciorum
595 2448 693 2511 locum
715 2464 784 2510 esse
805 2446 859 2520 [cl.
883 2446 916 2508 V.
941 2447 1020 2524 370.
1035 2483 1085 2494 .-

225 2543 284 2604 lam
306 2563 380 2607 vero
418 2547 455 2608 de
482 2549 547 2628 ipsa
580 2566 745 2628 poenarum
775 2554 881 2610 natura
903 2563 940 2609 ao
962 2550 1080 2609 ratione
1105 2545 1173 2608 aliis

127 2644 306 2728 quibusdam
330 2646 407 2708 locis
428 2649 520 2711 multo
554 2651 721 2713 accuratius
742 2652 883 2732 scriptum
906 2656 960 2713 est.
1004 2649 1088 2712 Duae
1114 2665 1171 2710 au.

129 2754 185 2809 tem
207 2747 333 2828 proponi
355 2747 495 2811 videntur
515 2753 704 2814 sententiae:
728 2769 806 2834 quae
827 2757 927 2814 tamen
952 2749 1095 2832 perfacile
1119 2751 1169 2811 in-

14 2871 15 2878 *
129 2854 175 2910 ter
194 2865 229 2910 se
252 2848 459 2913 conciliantur.

246 2949 379 3012 Pluribus
423 2951 499 3014 locis
529 2951 697 3015 huiusmodi
734 2951 827 3015 rerba
868 2951 1035 3021 habentur:
1065 2947 1173 3029 ,lmpii

130 3047 235 3111 inanes
255 3068 354 3113 rerum
371 3053 553 3116 sensibilium
587 3054 734 3136 imagines
755 3055 901 3134 patientes
922 3053 1062 3114 flebunt.“
1092 3049 1171 3129 ,lm-

130 3149 186 3227 piis
210 3152 375 3214 mortalium
405 3171 503 3214 rerum
528 3171 645 3234 semper
667 3161 752 3216 erunt
773 3155 947 3235 phantasiae
971 3169 1007 3214 ac
1029 3151 1168 3212 diversae

130 3248 283 3330 salsaeque
304 3254 422 3332 species
444 3254 608 3316 secundum
628 3255 765 3318 diversos
788 3255 930 3318 mularum
967 3259 1086 3315 suarum
1108 3267 1167 3311 co-

131 3351 306 3428 gitationum
329 3359 454 3416 motus.“
478 3353 530 3433 (V,
555 3353 623 3430 31.)

229 3450 308 3512 Alibi
328 3461 426 3517 autem
452 3455 577 3536 legimus
600 3455 695 3517 baec:
719 3455 800 3534 ,lloe
822 3460 868 3516 est
889 3459 992 3530 toturn,
1023 3450 1103 3532 quod
1124 3449 1173 3512 lli-

132 3550 217 3626 citur,
239 3550 353 3613 liberae
375 3574 410 3617 ac
432 3573 596 3636 perversae
617 3557 777 3618 voluntatis
799 3555 988 3636 supplicium,
1012 3552 1091 3635 quod
1115 3552 1174 3611 irn-

132 3657 218 3729 petus
242 3651 305 3712 eius
338 3653 513 3719 libidinosus
535 3639 730 3733 retinebitur,
752 3676 801 3736 ne,
825 3657 904 3739 quod
927 3655 1029 3717 illicite
1052 3652 1174 3732 appetit,

134 3748 352 3830 apprehendat,
388 3753 417 3815 li.
448 3772 475 3816 e.
505 3758 541 3818 ab
570 3759 682 3823 illicitis
714 3759 776 3821 suis
805 3755 934 3819 motibus
955 3751 1173 3835 prohibebitur,

134 3866 171 4011 pp
194 3850 232 3910 ad
252 3849 341 3912 finem
364 3871 438 3916 suae
459 3857 629 3936 cupiditatis
649 3861 746 3939 possit
768 3857 954 3940 pervenire.“
974 3853 1029 3931 (V,
1045 3850 1086 3912 36
1109 3851 1171 3932 [erl.

160 3969 191 4012 x.
213 3970 242 4032 p.
266 3954 365 4033 989.])

204 4071 208 4082 ·
232 4053 294 4114 llas
322 4056 413 4138 igitur
442 4059 605 4119 sententias
629 4058 669 4121 ita
693 4059 869 4122 arbitramur
890 4055 968 4116 inter
989 4069 1023 4114 se
1046 4049 1175 4113 coninu-

135 4151 260 4254 gendos,
282 4157 323 4225 ¹¹¹,
345 4159 440 4238 'quam
471 4159 640 4238 posteriore
668 4157 737 4222 loco
758 4158 929 4240 posuimus,
959 4152 1079 4236 proprie
1099 4149 1175 4213 reti-
