3014 4950
318 442 360 520 44
446 550 448 554 ,

318 653 377 697 nec
397 634 435 695 ab
457 649 495 694 eo
515 631 730 712 praesciuntur.
759 634 858 712 Atque
881 637 949 694 sant
971 634 1069 695 etiam·
1081 637 1128 712 ,et
1150 633 1360 714 praedestina-

318 738 360 797 tio
384 743 413 797 et
431 733 632 815 praescientia
663 734 750 794 unius
782 733 975 815 eiusdemque
1006 735 1125 822 divinae
1154 743 1294 813 naturae,
1320 739 1369 799 in

319 855 377 917 qua
399 833 479 898 atiud
505 834 564 896 alio
587 833 652 913 pius
672 837 807 896 minusve
829 851 890 896 non
915 843 977 898 est:
1000 837 1050 898 ubi
1070 843 1117 898 est
1137 843 1262 900 naturae
1283 831 1358 900 sim.

318 922 447 1017 plicitas,
464 951 533 1022 non
554 940 602 996 est
623 934 680 996 uita
703 933 873 1014 diversitas,
887 929 1035 1018 'quoniam
1054 939 1084 998 in
1100 954 1136 998 ea
1153 939 1251 999 omnia
1269 955 1358 1000 unum

318 1031 468 1111 samem
490 1075 531 1087 -
575 1032 578 1038 '
1330 1046 1334 1055 '
1372 1046 1375 1050 ’

391 1113 454 1198 ‘Est
474 1151 549 1215 ergo
577 1133 866 1209 manifestissimum,
899 1126 956 1196 nec
989 1142 1133 1215 peccata,
1168 1143 1359 1197 neccarum

319 1253 432 1317 poenas
453 1233 599 1322 praesciri
621 1251 639 1296 a
662 1233 720 1296 deo
745 1240 794 1296 aut
815 1233 1096 1315 praedestinante).
1118 1271 1160 1286 -
1196 1247 1199 1256 ’
1279 1245 1282 1252 ’
1375 1306 1378 1310 ,

402 1333 516 1408 Quodsi
552 1332 643 1396 nihilo
676 1335 778 1396 secius
803 1334 933 1415 ,dieitur
961 1334 1035 1396 deus
1065 1340 1095 1396 et
1124 1335 1309 1397 iecissem
1329 1341 1359 1408 et

318 1431 521 1516 praescirisse
541 1433 588 1496 vei
610 1435 871 1514 praedestinasse,
906 1436 944 1500 od
968 1423 1142 1498 exercitium
1164 1443 1286 1498 nostrae
1307 1439 1359 1498 ἰηὸ

320 1537 501 1618 tcitigentiae
524 1537 605 1617 Deus
629 1537 808 1616 procuravit,
832 1543 863 1598 et
881 1537 911 1598 in
932 1538 1086 1616 scripturis
1108 1538 1171 1600 suis
1192 1544 1222 1598 et
1243 1540 1273 1600 in
1294 1543 1359 1600 tra-

320 1637 483 1701 ctatoribus
504 1637 586 1716 eius,
621 1645 653 1699 ut
684 1639 809 1700 audiens
830 1637 906 1700 tales
928 1637 1109 1701 locutionum
1131 1638 1238 1700 modos
1261 1639 1359 1719 erigi.

317 1739 517 1800 ‘larctnostra
540 1739 664 1800 intentio
687 1738 725 1800 ad
747 1738 979 1819 intelligendum,
999 1739 1069 1819 quid
1086 1740 1121 1800 in
1143 1740 1187 1804 eis
1203 1741 1358 1820 mysticum

318 1823 418 1914 lateat,
436 1835 580 1919 nonquid
595 1837 720 1924 simplex
732 1838 889 1900 verborum
904 1833 1078 1918 superficies
1090 1837 1358 1918 ostendatupr-
1417 1885 1418 1890 η

402 1938 497 2012 Quem
518 1939 578 2000 boc
600 1938 668 2001 loco
692 1927 772 2000 dicat
787 1939 947 2018 ¹mpsticum
977 1955 1116 2018 sensum,
1145 1939 1276 2020 piurimis
1301 1958 1358 2000 ex.

319 2039 455 2118 plicatum
491 2037 610 2122 legitor.
661 2037 770 2101 Scribit
804 2039 909 2119 igitur,
942 2037 1086 2118 permulta
1121 2045 1155 2117 ,a
1190 2041 1359 2102 contrariott

321 2155 390 2200 esse
411 2130 603 2218 accipienda:
626 2139 672 2216 „in
695 2137 878 2200 secutaribus
900 2138 1004 2200 titteris
1028 2139 1136 2202 Parcas
1161 2139 1256 2202 dictas
1279 2155 1358 2218 esse,

320 2238 400 2319 quod
414 2237 493 2300 'nulii
516 2245 650 2318 pareant,
669 2240 776 2312 Iocum,
797 2238 882 2317 anot
902 2255 963 2300 non
986 2238 1099 2302 Iuceat“
1114 2260 1162 2289 ·-
1181 2241 1228 2319 ,in
1249 2239 1359 2302 divinis

320 2341 472 2420 scrtptuns
493 2325 620 2400 inveniri
641 2338 743 2422 Iudam
765 2329 948 2418 proditorem
980 2341 1106 2402 amicum
1127 2359 1145 2402 a
1165 2340 1232 2402 Iesu
1255 2341 1359 2420 appei.

320 2440 419 2533 latum,
439 2458 526 2521 quum
548 2435 636 2502 inerit
655 2427 804 2517 inimicus,
827 2439 963 2515 eiectum,
991 2458 1077 2520 quum
1100 2441 1189 2506 fuerit
1207 2457 1266 2504 non
1290 2441 1358 2502 ele-

322 2548 387 2604 ctus
408 2577 449 2589 -
473 2547 503 2602 et
525 2541 590 2602 eius
610 2541 732 2621 generis
751 2539 915 2619 pturarpss
935 2576 977 2592 .-
997 2541 1172 2620 ,Proinde,“
1202 2542 1259 2616 ait,
1280 2553 1360 2620 ,uon

320 2641 429 2718 video,
451 2657 505 2702 cur
525 2657 549 2703 s.
566 2657 591 2702 s.
616 2647 716 2720 patres
737 2639 923 2718 dubitarent,
940 2640 1064 2724 pulchro
1086 2641 1247 2704 locutionis
1268 2643 1356 2704 modo

320 2740 498 2814 fiducialiter
520 2730 675 2802 enuntiare
696 2739 935 2820 praedestinatos
952 2741 995 2802 ad·
1005 2759 1132 2822 poenam
1146 2742 1194 2803 vet
1212 2742 1354 2804 interitum

321 2853 391 2921 tpro
415 2843 476 2900 non
499 2839 745 2918 praedestinatis)
779 2841 912 2920 ,quotics
945 2841 982 2903 iis
1011 2842 1042 2904 in
1071 2842 1212 2903 librorum
1235 2859 1357 2904 suorum

320 2940 401 3004 sorte
434 2939 544 3020 placuit
573 2955 697 3019 ponere.
738 2941 769 3003 Si
798 2941 942 3003 Dominus
969 2941 1153 3022 proditorem
1177 2959 1262 3004 suum
1296 2959 1356 3004 noa

321 3039 439 3105 erubuit
458 3039 607 3119 appellare
627 3040 753 3102 eiectum
776 3049 845 3120 (pro
865 3058 925 3103 non
950 3041 1082 3120 eiecto),
1120 3059 1173 3103 cur
1202 3059 1228 3104 s.
1251 3044 1358 3122 Augu-

321 3143 415 3204 stinus
436 3140 639 3218 erubesceret,
662 3141 787 3203 eundem
808 3140 989 3221 proditorem
1017 3161 1128 3206 vocare
1148 3145 1359 3224 praedestina-

321 3247 380 3306 tum
398 3249 473 3332 ¹(pro
495 3257 555 3303 non
579 3241 911 3322 praedestinato)?⁴²)“
933 3278 992 3331 —-x
1176 3235 1179 3246 ⁴

285 3494 289 3501 ·
355 3475 405 3541 38)
424 3476 459 3528 cI.
478 3463 534 3539 XV,
551 3475 651 3542 a-tr,
671 3475 763 3541 5-o;
783 3473 883 3542 tivum
904 3476 989 3546 praef.
1008 3478 1037 3528 in
1055 3477 1101 3528 tin.

356 3570 404 3647 39)
423 3580 458 3630 ci.
479 3579 534 3642 XV,
550 3581 588 3646 '13
607 3579 675 3642 XVI,
693 3579 728 3646 o,
744 3579 824 3642 XVII,
846 3579 867 3630 t·
879 3589 931 3632 cet·
950 3587 1000 3652 cet.

356 3680 403 3746 40)
421 3683 461 3734 es.
479 3683 548 3746 XVI,
567 3681 594 3734 6.
621 3683 662 3735 Cf.
683 3682 765 3744 XVII,
783 3683 812 3748 23
832 3683 864 3745 X,
883 3683 895 3731 1
914 3697 971 3750 aeq.

355 3785 403 3854 41)
422 3786 456 3838 cr.
475 3787 507 3848 x,
529 3787 547 3836 r·
560 3801 616 3856 seq.
634 3786 691 3852 xv,
710 3784 766 3838 e-
779 3786 805 3850 a,
822 3785 854 3850 a,
873 3783 943 3848 aru,
963 3787 976 3834 1
996 3801 1051 3855 seq.
1072 3757 1078 3768 '

355 3885 403 3958 42)
422 3890 456 3940 ei.
475 3889 550 3952 Xtii,
580 3891 612 3956 23
638 3875 689 3952 IX,
712 3877 729 3940 5
747 3888 923 3959 (quoiamen
942 3889 1000 3941 Ioco
1018 3887 1088 3938 hane
1106 3902 1160 3937 rem
1179 3887 1258 3955 louge
1278 3886 1359 3938 aliter

420 3977 547 4046 exponit,
570 3977 642 4028 dicit.
656 3977 727 4027 enim
744 3975 843 4026 idcireo
859 3991 962 4044 praesc.
983 3983 1011 4026 et
1030 3972 1227 4043 praedaturos
1239 3975 1357 4044 proprie,

421 4063 468 4114 sed
489 4079 503 4113 a
522 4063 654 4114 contrario
673 4061 822 4132 praedicuri
841 4059 949 4124 dedeo,
969 4059 1042 4130 quod
1058 4060 1087 4110 in
1105 4058 1192 4126 iprum
1208 4075 1263 4110 non
1280 4058 1358 4111 cariat

421 4152 548 4221 temporis
568 4151 673 4221 ratim),
695 4150 725 4212 X,
746 4150 758 4199 1
779 4165 833 4220 seq.
851 4149 908 4212 XII,
926 4150 958 4215 2'3
981 4145 1037 4210 XV,
1054 4146 1071 4197 2
1092 4153 1143 4197 cet.
