3014 4950
1155 473 1193 536 19

148 646 355 732 philosophiae
382 643 477 704 lorma
506 642 652 721 cernitur,
680 662 718 703 ex
738 641 878 706 Hibernia
896 644 951 724 ipsi
968 643 1103 722 prolecta
1123 659 1193 706 esse

75 827 78 834 Δ
148 757 265 831 potest:
286 750 349 828 ipsa
368 747 433 806 eius
449 742 650 823 philosophia,
674 743 705 804 id
727 744 807 823 quod
829 745 887 805 iam
910 763 948 805 cx
963 744 1104 806 Bruclrcri
1119 762 1194 806 ver-

148 853 209 928 bis,
232 867 306 932 quae
328 847 471 927 suprailt
485 845 596 906 ⁴ultimo
617 845 686 907 loco
709 847 872 925 posuimus,
905 847 1023 925 planum
1046 853 1104 925 est,
1135 845 1191 906 ali.

151 953 232 1015 unde
249 952 343 1012 venit.
387 949 478 1009 Huius
504 947 551 1012 rei
570 946 833 1010 luculentissimum
855 948 947 1027 ipsias
968 947 1119 1028 Erigonae
1143 953 1191 1008 te-

149 1053 319 1116 stimonium
331 1065 542 1131 proponemus,
566 1048 646 1127 quod
668 1054 764 1109 exstat
785 1051 815 1108 in
835 1049 993 1127 prooemio
1014 1049 1051 1110 ad
1071 1047 1192 1124 „Scho-

147 1153 188 1215 lia
209 1169 235 1215 s.
260 1152 378 1214 Maximi
400 1151 431 1215 in
452 1149 630 1230 Gregorium
651 1146 909 1230 theologum2qa‘
941 1145 986 1210 lio
1009 1148 1099 1231 igitar
1120 1148 1191 1212 loco
1225 1177 1229 1186 ·

148 1254 255 1334 paucis
284 1253 387 1316 'verbis
418 1253 509 1314 totius
544 1249 751 1330 philosophiae
783 1266 857 1312 suaa
886 1249 1018 1312 indolem
1050 1257 1191 1312 accurate

101 1375 106 1385 ·
151 1353 304 1428 describit,
325 1353 395 1415 huic
418 1351 612 1431 descriptioni
634 1352 673 1412 iia
696 1351 864 1430 praelatus:
885 1349 1052 1428 „Fortassis
1070 1397 1077 1412 .
1101 1395 1109 1412 .
1129 1369 1192 1414 non

149 1461 206 1516 tarn
232 1455 342 1516 densas
365 1454 507 1516 subierim
538 1452 682 1533 caligines
711 1463 752 1528 (s.
773 1451 929 1529 Maximi),
963 1451 1022 1513 nisi
1056 1449 1191 1514 viderem

147 1555 313 1636 praelatum
335 1558 369 1617 B.
393 1553 549 1615 blaximum
571 1597 603 1614 ..
625 1554 653 1613 in
677 1570 822 1632 processu
843 1553 888 1614 sui
911 1552 1011 1632 operis
1035 1551 1192 1614 obscuris·

148 1656 239 1719 simas
259 1672 284 1718 s.
309 1656 448 1736 Dionysii
467 1654 670 1734 Areopagitae
693 1652 868 1727 sententias,
902 1653 986 1715 cuius
1007 1652 1190 1732 symbolicos

147 1741 531 1838 theologicosqac'scnsas
559 1772 653 1833 nuper
683 1754 824 1832 vobis28)
854 1754 990 1816 similiter
1020 1754 1189 1816 iubentibus
1284 1797 1292 1814 .

147 1857 295 1934 transtuli,
316 1853 527 1932 introduxisse,
549 1852 734 1933 mirabilique
755 1853 844 1915 modo
866 1852 1057 1930 dilucidasse,
1076 1854 1106 1914 in
1120 1859 1190 1913 tan-

143 1967 225 2033 tum,
261 1963 293 2019 ut
315 1954 393 2017 nullo
413 1955 505 2016 modo
527 1954 693 2016 dubitarem
718 1955 847 2016 divinam
870 1954 1077 2032 clementiam,
1110 1971 1187 2033 qaae

143 2059 292 2120 illuminat
314 2055 489 2118 abscondita
511 2054 720 2142 tenebrarum,
752 2073 806 2117 sua
833 2054 977 2117 inellabili
999 2053 1187 2135 providentia

144 2161 207 2221 boc
229 2158 422 2237 disposuisse,
445 2163 476 2217 ut
495 2172 533 2217 ea
557 2154 685 2235 quidem,
708 2172 784 2234 quac
803 2155 890 2217 nobis
905 2156 1033 2216 maxime
1049 2154 1186 2216 abstrusa

146 2262 177 2322 iu
206 2258 364 2339 praedictis
396 2261 430 2318 Β.
461 2256 597 2336 Dionysii
627 2255 709 2340 libg‘s
741 2261 791 2316 aut
821 2256 871 2316 vix
894 2256 995 2335 pervia
1019 2271 1186 2334 sensusque

142 2355 263 2421 nostrus
286 2357 393 2438 lugere
414 2355 599 2436 videbantur,
621 2357 767 2434 aperiret,
799 2355 1019 2436 sapientissimo
1048 2355 1184 2436 praelato

139 2455 269 2523 Maximo
286 2456 474 2520 ‘lucidissime
496 2455 682 2535 explanante.
724 2453 859 2535 Exempli
890 2471 998 2534 causa,
1030 2460 1063 2519 ut
1094 2472 1183 2517 unum

143 2560 181 2622 de
201 2559 332 2640 pluribus
353 2558 461 2634 dicam,
482 2555 632 2638 quomodo
656 2573 746 2617 causa
771 2557 901 2632 onmium
922 2598 930 2617 .
954 2601 963 2616 .
987 2601 994 2617 .
1020 2558 1049 2617 .“
1072 2591 1113 2607 -
1184 2608 1190 2619 .

224 2658 299 2720 ilinc
318 2659 375 2726 iam
398 2657 470 2719 satis
492 2656 654 2718 existimari
676 2655 757 2733 licet,
781 2655 886 2735 quibus
909 2673 948 2718 ex
966 2655 1097 2718 lontibus
1111 2656 1181 2719 Eri.

140 2775 240 2839 genae
261 2757 448 2840 pbilosopbia
470 2757 653 2838 provenerit,
676 2773 801 2838 cumque
819 2758 848 2818 in
865 2757 1097 2837 Galliaprimum
1113 2756 1181 2820 illos

138 2859 412 2940 Pseudo-Dionysii
435 2858 529 2920 libros
549 2859 739 2940 cognovisse.

219 2961 317 3040 Atque
341 2959 400 3020 boc
422 2958 491 3021 loco
512 2975 573 3022 non
595 2965 641 3020 est
665 2957 925 3039 praetereundum,
960 2958 1039 3038 qaod
1061 2957 1177 3039 plurimi

137 3067 277 3122 auctores
293 3059 330 3122 de
347 3058 517 3140 longinquis
539 3058 703 3136 itineribus,
725 3058 829 3140 quibus
840 3059 981 3139 Erigena,
997 3066 1175 3142 ¹antequam

139 3159 168 3220 iu
191 3159 313 3221 Galliam
335 3160 486 3240 proiectus
508 3160 564 3232 sit,
598 3165 630 3220 ct
652 3159 808 3222 Graeciam
830 3166 860 3220 et
884 3159 1036 3220 Orientem
1056 3161 1174 3223 studio-

138 3274 202 3319 rum
223 3277 312 3320 causa
337 3259 578 3338 perlustraverit,
601 3260 707 3338 partim
730 3258 943 3335 confidentius,
966 3261 1072 3338 partina
1091 3261 1173 3323 timi·
1293 3298 1296 3304 ,

137 3357 204 3419 dius
224 3360 402 3421 mentionem
426 3359 527 3420 lacere
548 3358 674 3420 soleant.
718 3358 830 3432 Quibus
852 3359 1040 3420 sermonibus
1062 3359 1172 3421 nullam

133 3475 259 3538 prorsus
288 3459 375 3522 iidem
411 3457 608 3522 adhibendam
637 3476 707 3522 esse
738 3477 911 3534 censernus3
945 3464 1057 3520 tantum
1089 3460 1170 3520 enim

131 3558 228 3634 abest,
252 3565 283 3621 ut
302 3558 359 3621 ulla
381 3559 454 3620 satis
475 3558 559 3621 lirroa
581 3558 759 3621 auctoritate
782 3565 831 3622 aut
854 3559 912 3621 alia
934 3559 1050 3620 ratione
1068 3558 1169 3620 nitan-

128 3666 195 3737 tur,
218 3665 269 3740 ut,
290 3659 396 3741 quibus
420 3659 541 3723 omnino
563 3667 786 3742 expugnentur,
825 3662 855 3722 in
878 3659 1006 3722 modium
1038 3657 1169 3740 proferri

134 3837 429 3859 ¹¹-·-—-——-—-.

161 3937 207 4003 ab)
227 3938 262 3990 cf.
281 3957 338 4012 cap.
356 3941 380 3993 ll
401 3951 457 3995 not.
480 3942 518 3994 19.

159 4059 207 4126 et)
226 4061 260 4112 cl.
277 4059 372 4114 Tbom.
392 4064 468 4116 Gala.
491 4062 611 4133 Appaud.
633 4082 658 4132 p.
680 4063 710 4114 ll.

97 4226 101 4230 ,
157 4177 205 4248 28)
224 4177 286 4232 Est:
308 4180 404 4235 Carolo
425 4184 508 4238 calvo.
528 4182 567 4236 Cf.
585 4181 655 4234 inira
675 4199 732 4252 cap.
751 4181 797 4234 lll.
