3014 4950
1176 399 1212 461 21

167 576 250 639 Sooti
274 574 343 636 illud
366 576 422 636 iter
442 575 472 636 in
495 572 708 636 dubitationem
733 572 901 636 vocandum
924 588 984 634 non
1016 589 1103 658 osse,
1135 575 1215 653 quod

165 684 227 739 tam
249 677 403 738 multarum
424 693 523 738 rerum
547 675 701 737 scientiam
726 678 755 738 in
776 693 814 738 eo
834 657 1103 755 deprehendamus,
1127 693 1213 757 quas,

166 779 227 840 nisi
251 778 280 838 in
301 777 436 851 Oriente,
465 793 608 855 nusquam
631 776 749 837 discere
772 777 909 856 poluerit.
953 778 1005 838 llis
1028 785 1127 838 autem
1152 777 1211 839 boc

167 877 235 957 ipso
258 877 434 956 capitelam
467 875 650 938 satisfactum
682 893 751 938 esse
784 883 928 956 putamus.
972 875 1122 938 Hebraico
1161 884 1212 939 aut

168 979 293 1058 Syriaca
315 978 422 1041 Scelus
446 976 592 1038 nescivit:
624 977 756 1039 Graecas
786 977 899 1041 litteras
931 978 960 1038 in
988 978 1130 1039 Hibernia
1162 978 1212 1039 di-

167 1096 257 1142 scere
277 1079 388 1158 potuit:
414 1077 502 1140 etiam
523 1075 583 1138 hoc
603 1078 883 1154 demonstravimus,
908 1093 967 1158 quo
991 1078 1027 1138 de
1049 1076 1210 1140 lontceius

168 1179 355 1259 pbilosophiu
378 1178 555 1240 manaverit.
596 1177 659 1242 Neo
678 1177 749 1242 illud
771 1177 930 1257 quidquam
957 1177 1055 1255 valet,
1090 1177 1209 1256 quoda

170 1280 242 1342 viris
263 1279 412 1356 doctisil)
435 1276 674 1342 animadversum
695 1283 751 1351 est,
773 1276 948 1340 simillimam
971 1294 1039 1338 esse
1060 1276 1211 1360 Erigenac

168 1380 384 1460 philosophiam
408 1387 437 1441 et
459 1368 614 1454 ludorum,
648 1395 725 1458 quae
754 1377 924 1458 Senkhyiea
946 1384 1073 1440 vocatur
1094 1386 1124 1440 et
1145 1379 1209 1442 Yo-

166 1481 246 1562 giea.
288 1480 392 1560 Neque
415 1483 494 1541 enim
516 1495 626 1542 novum
646 1484 696 1540 aul
716 1480 878 1540 inauditum
900 1477 999 1556 foret,
1030 1479 1056 1539 si
1079 1485 1108 1539 et
1130 1479 1207 1541 Sco.

167 1587 215 1642 tus
249 1587 280 1642 et
297 1571 436 1642 'lndioae
468 1577 544 1640 illius
577 1577 782 1658 philosophiae
817 1584 956 1640 auctores
993 1595 1047 1638 suo
1084 1578 1209 1658 quisque

166 1682 262 1744 ldarte
284 1682 341 1744 sibi
365 1697 423 1743 ova
444 1679 599 1760 pullosque
619 1678 763 1742 iecerint:
788 1685 819 1740 et
835 1695 889 1741 eos
906 1681 989 1759 ipsos
1003 1677 1209 1758 philosophos,

167 1799 243 1863 quus
263 1783 396 1864 Erigeua
418 1781 474 1842 sibi
495 1779 588 1842 duces
612 1779 703 1862 elegit
726 1797 762 1842 ac
790 1787 1023 1860 praeceptores,
1054 1780 1209 1860 plurimum

166 1883 308 1946 ludorum
327 1880 568 1962 pbilosophorum
589 1881 699 1942 scrinia
721 1880 900 1961 compilasse
922 1881 1042 1942 scimus.

253 1981 313 2043 lam
328 1997 411 2058 vero,
431 1983 581 2061 exposito,
605 1998 692 2061 quam
714 1981 791 2042 nulla
814 1981 960 2062 probabili
983 1982 1098 2042 ratione
1122 1980 1212 2042 adhi-

166 2084 231 2146 bita
252 2099 385 2144 rumores
407 2081 448 2143 illi
470 2082 508 2143 de
530 2081 651 2145 loannis
673 2083 768 2144 nostri
784 2082 939 2144 itineribus
960 2081 1125 2144 circumlati
1140 2082 1209 2142 luc-

166 2184 234 2259 rinl,
255 2185 357 2263 paucis
379 2181 430 2260 id,
463 2190 585 2263 propter
614 2182 694 2264 quod
715 2183 898 2262 potissimum
921 2199 957 2242 ea
979 2183 1101 2244 omnino
1126 2182 1208 2244 nulla

167 2300 235 2346 esse
259 2290 404 2363 putemus,
438 2282 659 2363 explicabimus.
703 2282 827 2344 Primum
859 2283 948 2362 igitur
981 2281 1124 2344 habemus
1148 2282 1209 2344 lra-

164 2391 316 2466 gmentum
338 2381 504 2462 epistolae,
536 2400 622 2463 quam
642 2385 819 2478 qlnastasius
841 2383 1105 2458 bibliothecarius,
1126 2385 1210 2446 Scoti

166 2483 299 2564 aequalis
322 2489 350 2544 et
371 2499 501 2544 summus
525 2483 703 2560 admirator,
736 2484 773 2544 de
803 2501 840 2545 eo
872 2483 910 2545 ad
932 2484 1070 2545 Carolum
1092 2485 1208 2545 calvum

165 2583 263 2661 misit,
294 2600 409 2663 quaque
429 2585 616 2663 apertissime
639 2585 837 2660 demonstrat,
869 2600 904 2645 se
925 2583 996 2644 nibil
1017 2602 1145 2664 uuquam
1170 2583 1209 2646 de

164 2684 224 2747 ulla
236 2683 398 2765 longinqua
414 2686 478 2746 eius
493 2686 738 2766 peregrinatione
755 2685 916 2746 audivisse.
938 2685 1048 2747 Scribit
1062 2687 1139 2746 enim
1150 2687 1207 2761 ³⁵):

165 2785 350 2866 „llirandum
382 2801 500 2865 quoque
535 2793 601 2862 est,
637 2786 787 2865 quomodo
810 2785 858 2846 ille
882 2786 928 2846 vir
959 2785 1125 2863 barbarus,
1156 2787 1208 2847 lo-

163 2904 271 2948 annem
295 2886 376 2963 dico,
398 2887 458 2965 ille,
486 2887 536 2967 qui
557 2887 588 2947 iu
611 2886 718 2948 finibus
743 2887 844 2948 mundi
868 2888 994 2966 positus,
1027 2893 1138 2966 quanto
1161 2887 1206 2948 ab

162 2987 385 3049 hominibus
407 2987 733 3064 couversatione,
765 2993 847 3049 tanto
868 2987 951 3049 credi
971 2990 1065 3068 potuit
1086 2988 1207 3049 alterius

163 3087 282 3169 linguae
301 3087 432 3150 dictione
452 3087 643 3168 longinquus,
666 3089 735 3150 talia
757 3088 909 3150 intellectu
928 3105 1037 3167 capere
1053 3091 1082 3150 in
1098 3089 1204 3150 aliam-

167 3205 222 3270 que
243 3189 372 3270 linguam
395 3187 559 3250 transferre
582 3189 709 3251 valuerit
722 3191 796 3265 ³0).“
818 3223 858 3235 -
881 3190 997 3250 Deinde
1020 3190 1204 3252 smPruden-

375 3359 505 3370 -----

263 3475 397 3543 Umgunge
417 3476 466 3526 mit
488 3475 542 3525 alcu
560 3475 669 3526 Weisen
689 3477 779 3525 aeiner
796 3461 852 3526 zeb
871 3473 1022 3525 vermendet
1050 3474 1141 3538 hatte,
1169 3491 1203 3524 on

263 3562 316 3614 deu
337 3564 394 3618 llos
409 3562 482 3614 Carls
502 3562 548 3612 des
569 3561 702 3613 Kalrlen.“
1059 3558 1062 3564 ’

196 3681 243 3750 34)
263 3683 298 3761 cf.
329 3682 412 3734 Hock.
439 3683 487 3734 tl.
506 3700 532 3751 p.
552 3682 603 3744 33„
631 3689 687 3734 noi.
715 3683 747 3746 23
773 3684 867 3734 liittrr.
890 3683 1049 3735 Geschichte
1070 3681 1118 3734 der
1138 3681 1200 3734 Phi-

260 3771 393 3841 losophie.
413 3769 558 3838 Hamburg.
578 3770 639 3821 Vol.
659 3770 702 3832 lV,
720 3787 746 3840 p.
769 3769 829 3833 361,
850 3779 906 3824 uot.
925 3769 950 3820 4.
969 3801 1002 3812 -

194 3891 242 3954 35]
261 3891 294 3941 cf.
315 3890 411 3942 Thom.
433 3889 509 3942 Gale.
528 3889 625 3941 testim.
647 3909 671 3960 p.
691 3891 716 3942 8.
739 3921 773 3934 -

193 4011 351 4075 dopmnum
384 4021 423 4064 est
457 4012 490 4062 de
524 4011 789 4079 Pseudo-Dionysii
820 4013 912 4073 libris,
952 4029 1019 4080 quos
1052 4013 1197 4079 Erigenuc

258 4099 391 4150 Graeca
420 4101 541 4154 oratione
568 4100 596 4152 ln
620 4101 741 4152 Latinum
770 4102 910 4156 convertit.
950 4101 986 4152 Eo
1013 4102 1099 4152 minus
1119 4101 1200 4166 igitur
