3014 4950
1158 491 1200 558 43

157 671 236 731 vitnc
253 669 447 748 quaerentem
460 659 621 742 effringere
639 659 788 724 ciathros“
799 699 838 711 -
850 661 989 742 afficitur,
1006 682 1066 727 non
1081 665 1201 731 aiiundc

156 787 234 850 ergo
258 767 324 828 ilios
349 765 499 825 cruciatus
521 763 665 842 percipit,
694 762 752 824 nisi
773 779 812 824 ex
833 761 891 824 hac
914 766 980 844 ipsa
1002 769 1200 845 perversitate

158 887 196 928 ac
217 866 337 928 libidine
359 881 424 924 sua.
458 862 539 941 „Non
556 862 633 922 onim
649 861 704 922 ulia
725 869 793 922 suut
808 862 1000 927 instrumenta
1015 868 1200 946 torquendae

144 967 319 1047 ¹impietatis
341 969 461 1044 praeter
482 964 575 1042 ipsam
605 963 804 1041 impietatem:
837 964 995 1044 unicuique
1026 965 1200 1046 supplicium

159 1067 208 1129 det
228 1065 266 1126 de
289 1082 345 1126 suo
364 1069 506 1144 peccato:
528 1098 566 1110 -
588 1061 708 1124 diabolo
728 1081 781 1124 suu
805 1064 943 1144 superbia
958 1065 1066 1128 sufficit
1081 1067 1119 1128 ud
1136 1075 1201 1130 tor-

158 1166 337 1248 quendum.“
356 1201 398 1214 -
430 1163 532 1242 „Unde
561 1170 734 1244 peccatum,
765 1164 835 1225 iude
865 1181 965 1242 mors;
1000 1166 1080 1227 unde
1111 1185 1202 1247 mors,

159 1267 231 1329 inde
251 1265 379 1340 miseria,
401 1281 478 1347 quaa
501 1269 548 1325 est
567 1281 664 1344 poena
687 1263 735 1325 vel
756 1263 1009 1344 supplicium³⁴).“
1030 1301 1070 1314 -

244 1367 340 1447 Atque
370 1382 409 1426 ex
441 1363 507 1440 his,
541 1379 618 1443 quae
649 1363 687 1424 de
712 1371 839 1444 peccato
871 1366 994 1445 eiusque
1015 1382 1113 1446 poena
1134 1374 1202 1430 suut

161 1465 251 1542 dicta,
272 1466 389 1546 planum
413 1481 482 1524 esso
507 1464 692 1540 arbitramur,
724 1464 854 1540 Scotum,
888 1464 957 1526 dum
983 1473 1123 1528 constare
1144 1467 1202 1529 sibi

159 1567 239 1643 vetit,
269 1572 445 1646 negaturum
471 1579 550 1640 csse,
581 1563 629 1624 dei
652 1571 722 1625 nutu
744 1581 781 1624 ac
802 1563 882 1626 iussu
901 1563 976 1642 fieri,
1007 1571 1038 1628 ut
1061 1567 1108 1647 sit,
1140 1585 1202 1631 uon

161 1668 285 1729 dicimus
306 1671 472 1746 peccatum,
493 1663 523 1724 id
545 1663 704 1744 quodiam
728 1663 802 1725 alias
824 1681 968 1745 expresse
989 1670 1122 1748 negavit,
1145 1668 1200 1730 sed

157 1767 276 1850 pcccati
305 1783 413 1847 poena.
455 1763 559 1845 Neque
593 1763 733 1828 iadimur.
777 1763 972 1828 Continenter
1000 1770 1078 1829 euim
1111 1776 1202 1843 vetat,

157 1886 195 1928 ne
218 1868 285 1949 quis
305 1867 418 1928 illorum
442 1865 638 1945 quidqudma
670 1861 738 1926 deo'
756 1863 835 1926 effici
864 1872 955 1946 putet.
996 1865 1087 1943 Nam,
1121 1867 1200 1946 quod

155 1967 229 2030 nihii
250 1968 300 2044 sit,
322 1967 352 2029 id
373 1983 431 2028 non
453 1983 539 2045 ,esse
560 1985 578 2028 a
602 1964 671 2041 deo,
692 1985 710 2028 a
731 1983 790 2046 quo
812 1965 862 2028 itin
883 1973 993 2030 tantum
1015 1968 1100 2047 sint,“
1122 1984 1200 2048 quae

155 2085 235 2129 vere
257 2084 326 2128 esse
348 2065 495 2129 dicantur:
528 2084 625 2145 neque
649 2063 690 2142 id,
717 2061 797 2146 quod
821 2083 861 2127 ex
883 2085 1026 2148 perversa
1047 2067 1199 2130 hominum

158 2168 312 2230 voluntate
340 2168 472 2245 oriatur,
511 2166 571 2228 uilo
599 2173 686 2247 pacto
717 2165 756 2230 ad
787 2164 875 2229 deum
906 2172 1060 2230 auctorem
1094 2169 1202 2230 reterri

78 2283 79 2288 ¹
154 2269 316 2349 possed).
341 2303 381 2317 -
400 2265 530 2334 Permitti
553 2273 663 2328 tautum
692 2286 710 2329 a
745 2266 804 2328 deo
836 2268 902 2346 itta,
937 2265 971 2328 'ut
1001 2265 1089 2347 „fiant
1120 2275 1202 2331 motu

155 2367 277 2450 proprio
299 2366 453 2446 liberoque
475 2365 629 2428 rationalis
654 2372 820 2446 creaturae,
846 2384 989 2448 perverse
1012 2369 1122 2429 utentis
1143 2387 1202 2431 na-

156 2467 299 2531 turatibus
323 2468 429 2530 bonis“
451 2505 490 2517 -
512 2467 631 2546 „deseri
655 2475 764 2531 tantum
784 2487 801 2531 a
818 2469 889 2548 deo,
910 2469 959 2550 qui
975 2469 1035 2533 sint
1050 2469 1203 2550 puniendi,
1256 2455 1257 2458 ¹

160 2574 191 2630 ut
210 2586 261 2631 sun
281 2569 402 2648 propria
420 2569 618 2648 perversitate
636 2569 874 2649 punianturiipss
897 2597 938 2620 -ι

238 2669 395 2730 Concesso
419 2675 536 2748 autem,
571 2676 725 2749 peccatum
747 2670 872 2750 eiusque
893 2686 1021 2750 poenam
1041 2687 1100 2731 nec
1121 2687 1201 2750 esse,

157 2785 215 2830 nec
235 2787 252 2832 a
276 2770 335 2831 deo
358 2769 477 2832 trahere
500 2769 657 2852 originem,
679 2769 759 2832 facili
778 2771 837 2832 iam
857 2787 948 2851 opera
967 2769 1199 2849 demonstratur,

157 2869 222 2950 ipsa
247 2871 284 2931 ab
308 2887 423 2932 summo
445 2869 496 2932 iiio
518 2871 638 2933 numine
657 2871 758 2933 divino
774 2887 813 2932 ne
827 2871 973 2952 praesciri
994 2871 1122 2950 quidem,
1142 2889 1201 2934 ne-

155 2969 226 3032 dum
249 2971 386 3049 cuiquam
407 2971 633 3050 praedestinari.
667 2971 727 3034 iios
744 2970 914 3034 definiendo
934 2971 1099 3034 coniicitur.
1130 2972 1201 3053 ,Est

154 3073 269 3147 (enim)
294 3070 394 3133 divina
413 3071 646 3152 praedestinatio
669 3073 818 3149 omnium,
852 3091 930 3153 quae
963 3074 1037 3135 deus
1069 3073 1201 3136 secturus

156 3177 239 3247 erat,
282 3177 351 3232 ante
386 3171 508 3234 saecula
542 3175 731 3253 praeparatio
766 3181 854 3253 atque
888 3174 1044 3254 dispositio
1056 3177 1128 3251 ³²).“
1162 3209 1199 3225 -·-

156 3268 296 3346 „Tantum
319 3276 450 3347 (autem)
472 3271 502 3332 iu
524 3271 582 3332 deo
604 3272 683 3334 valet
702 3275 914 3353 praescientia,
949 3281 1089 3354 quantum
1109 3291 1203 3354 prue-

158 3367 317 3431 destinatio
326 3389 335 3446 3
370 3369 478 3449 plane,
509 3370 578 3452 quia
609 3389 698 3434 uuum
729 3377 824 3435 sunt.“
876 3374 1048 3436 discederet
1082 3372 1201 3452 quidem

156 3469 357 3552 praescientia
378 3469 661 3550 praedestinationis
682 3472 768 3552 fines,
792 3491 879 3553 quum
903 3472 952 3538 iliu
976 3473 1065 3536 etiam
1087 3473 1126 3536 ad
1147 3491 1202 3536 eus

157 3585 209 3630 res
231 3571 383 3649 pertinere
405 3576 533 3649 putetur,
562 3588 637 3652 quas
659 3571 735 3636 deus
755 3591 815 3636 non
838 3574 927 3649 i'ccit,
961 3574 1042 3640 vetut
1064 3574 1204 3654 peecata:

155 3685 259 3730 uerum
283 3673 446 3748 enimvero,
467 3689 543 3751 quac
567 3671 641 3736 deus
665 3691 726 3736 uon
746 3674 827 3754 iecit,
856 3693 893 3737 ea
913 3692 972 3738 non
993 3681 1080 3751 suut,
1109 3692 1202 3754 quare

189 3915 238 3986 ui)
259 3919 293 3970 cf.
313 3920 379 3982 xvt,
400 3921 431 3987 6,
450 3919 533 3985 xvu,
554 3923 584 3988 73
606 3923 661 3987 XV,
682 3922 700 3976 8
718 3930 746 3976 et
764 3922 887 3993 pluribus
905 3923 984 3978 locis.

190 4011 240 4080 35)
261 4015 295 4066 ci.
316 4015 362 4081 nt,
379 4015 414 4083 33
434 4017 465 4081 X,
484 4016 563 4068 1-5
583 4025 611 4070 et
630 4019 736 4088 saepius
754 4019 829 4071 alins.

192 4108 243 4178 36)
261 4112 294 4164 ci.
314 4113 343 4177 X,
364 4113 460 4182 1-53
482 4110 563 4175 XVil,
584 4111 609 4162 2.
633 4121 661 4151 -'

194 4198 241 4268 37)
261 4199 297 4252 cs.
316 4201 349 4266 li,
366 4201 399 4272 25
418 4203 465 4268 xi,
486 4199 591 4266 6-73
610 4197 667 4261 ΧΠ,
688 4199 701 4249 l
720 4215 776 4270 seq.
