3014 4950
1160 506 1201 570 29

158 692 215 762 cst,
256 691 297 760 ut,
334 680 580 761 quemadmodum
613 680 707 760 capite
734 682 869 759 proximo
895 699 910 739 a
935 680 1022 742 nohis
1044 691 1090 745 est
1110 688 1207 766 cxpii-

155 792 267 861 catum,
300 789 393 842 toturn
416 781 508 840 sciis
531 780 626 853 daret,
659 786 809 859 totaruque
831 795 869 840 ex
892 797 994 842 eornm
1017 778 1112 846 sacris
1133 784 1203 865 phi-

154 885 323 964 idsophiam
347 881 405 943 sibi
426 897 509 942 suam
531 885 690 959 repeteret.

237 984 282 1045 De
315 988 467 1060 tempore,
504 996 563 1060 qno
594 979 645 1040 'his
679 979 809 1060 negotiis
840 985 1003 1060 occupatus
1028 981 1098 1060 suit,
1128 983 1201 1044 nihii

152 1085 241 1166 piune
261 1081 339 1164 opud
360 1087 500 1142 auctores
523 1080 658 1141 habetur.
702 1080 857 1142 Credimus
878 1088 986 1159 autem,
1024 1101 1083 1145 non
1108 1085 1198 1146 mutio

153 1192 223 1266 post
248 1186 312 1245 cios
332 1185 362 1244 iu
386 1180 508 1244 Gaiiiam
532 1181 701 1257 adventum,
735 1182 823 1242 etium
847 1187 916 1243 anto
937 1199 1044 1244 annum
1065 1185 1198 1248 DCCCL.

155 1287 235 1348 hanc
256 1302 315 1344 rem
341 1299 398 1343 osu
420 1283 552 1341 venisse.
589 1280 676 1342 Certe
699 1281 727 1342 in
753 1281 829 1341 libro
852 1299 907 1343 suo
932 1282 969 1343 do
988 1284 1199 1362 praedestina-

158 1387 248 1458 tione,
278 1371 366 1462 quem
386 1382 508 1443 circiter
529 1397 636 1444 annum
660 1381 788 1442 [iCCCL.
813 1385 1002 1462 conscripsit,
1026 1385 1084 1445 iam
1106 1386 1198 1447 multo

155 1485 237 1565 ptura
260 1483 410 1564 longeque
431 1481 544 1556 attan)
567 1481 696 1561 protulit,
719 1499 805 1562 quum
827 1499 904 1562 quae
926 1499 943 1543 a
965 1483 1037 1545 sotis
1059 1484 1199 1547 Hibernis

154 1583 339 1667 philosophis
362 1589 411 1643 ant
432 1583 582 1663 theologis
607 1600 673 1644 eom
697 1580 840 1644 didicisse
864 1585 980 1645 credas.
1017 1585 1081 1646 Huc
1105 1589 1207 1648 accc-'

156 1687 206 1760 dit,
230 1685 309 1766 qnod
332 1683 480 1761 Carolum,
503 1683 608 1764 procui
631 1683 721 1744 dubio
737 1685 950 1765 Areopagitam
964 1685 1066 1766 legere
1083 1679 1198 1749 summe

153 1789 340 1868 cupientem,
375 1803 460 1864 quum
496 1785 657 1865 Erigeuam
680 1784 808 1864 hospitio
831 1787 1016 1864 excepisset,
1052 1803 1113 1848 non
1147 1787 1198 1849 diu

150 1888 255 1971 graeci
285 1887 332 1948 sui
354 1885 466 1947 codicis
490 1885 611 1946 oblitum
636 1885 728 1947 fuisse
761 1892 904 1964 putamus.
956 1887 1091 1966 Denique
1122 1903 1197 1949 nus-

73 1995 76 2006 ‘
151 2008 259 2070 quum,
295 1993 430 2065 quantum
463 1987 592 2062 scimus,
625 1988 682 2047 nisi
714 1988 743 2047 in
774 1985 899 2066 epistota
929 1985 977 2048 ilia
1000 1986 1197 2066 dedicatoria,

150 2088 287 2150 versioni
308 2087 508 2167 Areopagitae
531 2087 717 2165 praeniissa,
753 2085 812 2146 nita
843 2089 961 2147 ratione
995 2087 1033 2147 ab
1065 2086 1197 2168 Erigone

151 2189 350 2272 significatum
374 2195 430 2263 est,
455 2188 573 2249 aliunde
593 2205 663 2248 sese
684 2189 714 2248 in
736 2186 857 2249 Gallium
881 2188 1010 2249 venisse.
1059 2186 1104 2249 Eo
1138 2205 1196 2250 au-

151 2299 211 2353 tem
233 2291 300 2352 loco
321 2290 459 2368 scripsit:
493 2288 593 2368 „Hauc
626 2288 714 2350 iibam
744 2305 833 2350 sacro
863 2288 1046 2350 Graecorum
1070 2294 1193 2350 nectare

150 2393 255 2453 sartam
277 2428 315 2438 -
340 2388 465 2450 Aduena
489 2387 617 2449 loannes
642 2391 765 2450 σπένδω
789 2405 857 2450 meo
877 2388 1069 2464 uarotoupss

232 2493 339 2554 Verum
362 2490 502 2570 quidquid
535 2490 591 2550 hac
626 2489 664 2550 de
697 2507 730 2550 rc
760 2491 865 2552 statuis
880 2494 941 2567 ²⁴J:
980 2496 1048 2550 unte
1084 2507 1193 2552 anuum

184 2775 232 2842 22)
250 2774 330 2835 Nam,
348 2783 378 2825 ut
399 2776 450 2824 atta
474 2784 623 2833 taceamus,
652 2774 812 2823 sententiam
832 2772 865 2823 de
886 2781 1009 2840 peccato,
1037 2771 1070 2821 de
1090 2773 1193 2840 peccati

248 2879 345 2932 poena,
374 2878 452 2930 quatu
473 2862 648 2928 Areopagitae
669 2860 758 2939 debet,
790 2861 893 2910 ium‘in
913 2861 981 2910 libro
1000 2859 1041 2908 de·
1058 2859 1189 2926 praedest,

248 2950 381 3019 exposuit.
418 2949 457 2999 Cf.
479 2949 548 3000 insru
570 2965 627 3017 cup.
648 2949 710 3008 tv.,
729 2955 784 2996 not.
804 2945 840 2996 28
857 2965 913 3018 seq.
934 2977 966 2986 -
992 2947 1085 3016 Neque
1103 2954 1192 2996 tumen

247 3035 275 3086 id
302 3035 375 3106 quod
392 3037 450 3096 ,ium
480 3036 600 3102 proximo
626 3035 713 3104 cupite
734 3051 765 3084 ex
787 3035 846 3085 loco
867 3035 981 3104 quodam
1002 3033 1047 3102 (cs.
1067 3041 1121 3084 not.
1140 3033 1188 3100 27)

250 3125 379 3192 prooemii
398 3123 550 3188 Erigeniaui
569 3121 602 3186 od
621 3121 724 3171 scholia
743 3139 763 3174 s.
783 3123 890 3172 Maximi
910 3129 1003 3192 potere
1025 3121 1193 3170 animadver-

246 3213 335 3272 timus,
356 3210 412 3260 utto
434 3217 511 3277 pacto
532 3219 573 3260 est
592 3211 743 3268 verisimile,
763 3226 831 3271 etim,
852 3211 1008 3295 priusquam
1021 3209 1055 3259 ad
1068 3208 1192 3258 Catulum

247 3297 355 3348 Cnivum
375 3297 487 3357 venerit,
510 3297 688 3366 Areopagitae
707 3297 791 3347 libros
811 3298 973 3365 cognovisse.

183 3397 230 3466 23)
251 3401 282 3450 cs.
302 3401 423 3451 Sciriuet.
444 3419 470 3469 p.
488 3399 548 3451 608.

179 3501 228 3569 24)
251 3503 422 3554 Sciriueterus
436 3511 600 3571 compertum
615 3501 714 3552 habere
726 3502 840 3563 violetur,
861 3511 921 3571 post
933 3519 1031 3552 onnnm
1046 3500 1189 3552 DCCCLV.

243 3589 348 3640 tisinum
384 3590 519 3656 Erigonum
547 3589 579 3638 ad
606 3588 673 3638 iliud
693 3590 829 3654 negotium
848 3590 988 3656 impulsum
1007 3605 1073 3640 esse.
1113 3587 1188 3640 Post·

246 3695 324 3745 qucun
343 3679 414 3727 enim
437 3676 513 3744 (edit.
534 3679 591 3726 ciris
615 3694 641 3744 p.
662 3677 708 3745 tv)
729 3675 763 3727 de
782 3677 899 3728 concilio
920 3677 1026 3726 Valent.
1046 3675 1120 3744 quod
1140 3677 1188 3726 itio

242 3767 301 3833 ipso
322 3782 391 3814 anno
410 3765 457 3831 (ci.
479 3764 549 3828 urob„
570 3765 656 3814 annul.
676 3765 774 3814 Boned.
796 3764 855 3814 libr.
875 3764 916 3814 st.
937 3782 962 3814 n.
981 3762 1024 3824 95,
1044 3763 1102 3814 Nat.
1125 3764 1189 3814 Ale-

243 3851 323 3901 xnnd.
345 3851 408 3901 htsc
431 3852 522 3900 eccles.
545 3868 612 3904 saec.
633 3851 668 3900 IX
692 3859 719 3902 et
739 3851 770 3912 X,
799 3850 903 3901 dissert.
925 3850 958 3909 V,
990 3849 1016 3918 p„
1040 3851 1087 3916 itt)
1110 3850 1190 3900 hubi-

243 3945 299 3988 tum
315 3947 363 4002 est,
381 3940 605 3998 commemoravit,
626 3937 678 3988 hoo
698 3939 778 3988 modo
798 3940 896 4006 pergit:
919 3936 1001 3997 „Post
1022 3935 1188 3987 hnecCaroA

242 4023 313 4075 Colv.
331 4027 471 4095 Erigonam
494 4025 527 4075 ad
541 4025 687 4092 (Pseudo-J
699 4025 873 4091 Dionysium“
894 4024 941 4096 [sic
953 4023 959 4073 i
970 4024 989 4092 l]
1010 4022 1189 4085 „vertendum

232 4114 396 4165 iencttavits‘
423 4113 463 4164 Ne
482 4110 533 4164 hoc
552 4111 669 4181 quidem,
690 4111 762 4164 unde
781 4109 916 4174 didicerit,
937 4112 994 4163 utto
1013 4110 1093 4162 modo
1111 4127 1189 4178 repe·

244 4199 295 4249 rire
318 4201 461 4268 potuimus.
