3014 4950
327 477 365 540 18

324 656 423 715 natum
445 651 543 714 videri
574 649 720 727 diximus,
751 667 812 712 non
843 650 938 713 solum
969 651 1112 715 educatus
1141 671 1243 716 verum
1274 653 1365 715 etiarn

323 751 456 816 eruditus
476 757 532 814 est.
573 750 637 812 Nec
659 749 749 812 multo
769 756 874 831 postea
893 749 952 812 hoc
974 749 1082 817 iactum
1103 769 1172 812 esse
1195 757 1320 814 constat.

407 849 640 911 considerantes
654 855 763 926 autem,
788 857 928 928 quantam
942 866 1041 912 rerum
1064 853 1178 932 copiam
1201 867 1288 930 quarn
1310 867 1366 911 ac.

324 957 432 1014 curate
451 951 604 1031 cognitam
625 948 762 1010 habuerit
783 949 926 1030 Erigena‚
949 950 1016 1011 sine
1035 949 1093 1012 nlla
1113 951 1295 1013 dubitatione
1311 969 1365 1013 re.

322 1044 439 1113 iicimur
459 1050 498 1112 ad
521 1051 704 1122 Hiberniam,
725 1067 801 1129 quae
823 1049 880 1111 illis
902 1050 1084 1131 temporibus
1105 1058 1136 1113 et
1153 1051 1363 1112 florentissima

289 1161 297 1178 ⁰
322 1154 497 1232 optimarum
524 1151 628 1212 artium
651 1148 736 1231 quasi
757 1148 847 1212 sedes
869 1157 987 1226 erate)
1009 1158 1039 1233 et
1059 1151 1095 1213 ab
1117 1152 1272 1214 innumera
1292 1169 1367 1231 prn-

233 1273 234 1278 ’
324 1251 482 1332 pemodum
504 1257 674 1312 exterorum
697 1249 866 1326 hominurn,
898 1252 946 1330 qui
968 1250 1006 1313 ad
1029 1250 1191 1313 litterarum
1212 1252 1307 1313 studia
1332 1269 1367 1312 se

322 1350 521 1432 applicabant,
547 1349 732 1412 multitudine
745 1351 962 1430 petebatur22).
987 1352 1157 1414 'Hibemine
1173 1354 1262 1435 igitur
1276 1355 1365 1415 etiarn

322 1454 430 1517 Scotus
456 1456 581 1526 noster,
617 1457 649 1512 ut
671 1453 844 1513 coniectura
875 1452 925 1514 illa
956 1451 1092 1533 quidem,
1126 1457 1157 1514 at
1187 1453 1366 1531 certissima,

323 1553 444 1632 assequi
467 1568 641 1632 possumus,
665 1551 768 1637 saltem
792 1552 939 1631 politioris
961 1553 1060 1631 illius,
1081 1570 1138 1632 qua
1162 1553 1266 1628 valuit,
1289 1555 1366 1614 doc·

323 1655 419 1716 trinae
445 1669 587 1718 summam
617 1651 762 1714 debebat:
785 1651 833 1714 hic
856 1653 964 1722 latinae
990 1660 1020 1715 et
1040 1671 1172 1735 graecae
1182 1657 1224 1730 ²³)
1243 1655 1366 1735 linguae

263 1751 267 1760 ‘
322 1761 537 1838 praeceptores
552 1755 688 1816 nancisci
701 1760 827 1834 poterat,
847 1754 896 1816 hic
916 1754 1060 1816 bonarum
1078 1755 1193 1832 artium,
1213 1755 1263 1816 bic
1276 1755 1366 1819 theo.

322 1853 423 1938 legiae
444 1861 473 1916 et
494 1854 669 1916 nominatim
692 1852 1148 1933 dialecticae'philosophaettp
1419 1847 1420 1850 ’

407 1956 489 2017 Haec
523 1955 695 2016 coniectum
726 1955 847 2016 omnino
880 1971 952 2016 vera
983 1970 1052 2016 esse
1074 1952 1244 2018 declaratur
1263 1955 1314 2016 ille
1336 1969 1362 2017 s.

323 2056 486 2134 Prudentii‚
518 2055 651 2136 episcopi
672 2054 841 2135 tricassini,
874 2054 951 2143 lpco,
984 2071 1070 2136 quem
1094 2073 1182 2135 supra
1205 2057 1366 2132 attulimus,

324 2176 442 2241 quoque
464 2157 513 2220 bic
537 2157 727 2219 doctissimus
748 2157 811 2233 vir,
843 2157 926 2219 Scoti
947 2162 977 2216 et
998 2155 1130 2236 aequalis
1153 2162 1183 2218 et
1206 2173 1245 2217 ex
1266 2156 1363 2218 amico

324 2260 527 2337 adversarius,
551 2259 607 2337 ipsi
617 2260 677 2334 2⁵J:
698 2257 762 2334 „Tc
776 2256 869 2318 solum
887 2256 1049 2331 omnium,“
1070 2256 1119 2331 ait,
1142 2256 1364 2334 „acutissimum

326 2361 440 2434 Galliae
464 2359 626 2422 transmisit
647 2357 798 2436 Hibernia,
821 2364 862 2435 ut,
887 2374 962 2437 quae
985 2356 1081 2418 nullus
1101 2356 1213 2434 absque
1234 2362 1262 2416 te
1284 2355 1365 2416 sciro

324 2468 454 2546 poterat,
472 2462 541 2534 duis
562 2459 777 2522 eruditionibus
799 2457 965 2534 obtineret3
995 2457 1049 2520 sed
1071 2457 1166 2532 absit,
1197 2461 1228 2517 ut
1251 2441 1363 2517 Celtica

319 2564 496 2644 eloquentia
516 2568 582 2624 tuas
603 2561 802 2624 nubilationes
831 2558 994 2621 admittat.“
1021 2596 1063 2624 -.
1095 2556 1170 2630 Ouid
1205 2555 1265 2618 hoc
1295 2557 1364 2619 loeo

326 2665 482 2746 apertius?
501 2662 659 2743 Expressis
681 2662 746 2724 lere
766 2661 878 2737 verbis,
900 2659 1061 2742 Erigonam
1081 2659 1112 2719 in
1128 2657 1270 2720 Hibernia
1291 2674 1362 2717 eru-

327 2768 428 2844 ditum,
452 2772 540 2846 atque
562 2765 602 2826 ita
627 2766 657 2825 in
678 2763 801 2827 Galliam
822 2761 988 2843 profectum
1008 2777 1086 2836 esse,
1110 2759 1272 2821 confirmat.

410 2866 544 2928 Diximus
581 2863 670 2926 modo
698 2863 905 2944 „dialecticam
925 2859 1153 2942 philosopham“
1183 2877 1200 2920 a
1222 2859 1311 2922 scote
1330 2854 1362 2916 in

327 2957 468 3032 Hibernia
486 2965 562 3028 disci
582 2965 726 3044 potuisse,
747 2965 840 3043 ipsam
860 2961 1077 3044 philosophiam
1098 2954 1161 3022 n'on
1181 2972 1366 3022 commemo-

327 3073 439 3144 rantes,
461 3080 548 3146 quum
571 3068 687 3140 tamen,
718 3067 800 3126 utin
823 3064 924 3144 priore
946 3062 1033 3124 huius
1056 3061 1160 3141 capitis
1182 3065 1265 3139 parte
1288 3056 1366 3118 ridi.

325 3185 402 3247 mus,
423 3149 512 3228 etiam
535 3166 613 3228 illius
634 3167 706 3227 satis
724 3167 836 3245 peritus
868 3163 966 3226 luerit.
988 3201 1030 3214 --
1059 3162 1124 3223 Hoc
1155 3160 1225 3222 ideo
1256 3159 1366 3220 lactum

327 3274 385 3347 est,
415 3266 494 3350 quod
518 3267 583 3330 sola
603 3265 652 3328 illa
674 3265 850 3345 dialectica,
883 3264 914 3327 in
939 3281 996 3346 qua
1018 3268 1142 3325 externa
1164 3257 1365 3338 Erigenianae

361 3520 409 3588 21)
427 3519 462 3573 cl.
482 3517 579 3570 Thom.
599 3517 711 3579 Moero,
729 3515 791 3567 hist.
804 3514 874 3566 'Hib.
896 3513 957 3566 Vol.
976 3514 997 3574 l,
1017 3527 1074 3580 cap.
1095 3507 1136 3568 13,
1154 3507 1228 3560 Vens.
1242 3506 1330 3559 Germ.
1341 3505 1364 3568 l,

427 3624 455 3676 p.
473 3605 623 3658 stt-354.
642 3634 677 3646 -
936 3679 938 3682 Δ

361 3710 408 3775 22)
428 3711 463 3764 ef.
483 3710 579 3763 Thom.
600 3711 702 3762 Macra.
720 3709 739 3760 l.
751 3707 769 3760 l.
789 3725 815 3776 p.
837 3707 897 3768 351,
916 3704 977 3758 331.

362 3817 409 3880 13)
433 3815 468 3866 cs.
486 3815 582 3867 Thom.
601 3815 703 3870 Moore.
724 3814 743 3864 l.
756 3814 772 3863 l.
792 3828 818 3880 p·
838 3810 899 3873 350,
918 3817 955 3871 et,
974 3821 1054 3876 quem
1072 3805 1121 3856 ille
1141 3804 1213 3865 citat,
1231 3803 1317 3854 Usser.
1337 3799 1365 3848 in

429 3904 506 3972 epist.
528 3902 589 3954 Hib.

363 4007 409 4076 24)
431 4006 464 4058 cf.
483 4007 579 4058 Thom.
599 4006 701 4056 Meore.
721 4003 738 4052 l.
752 3985 771 4052 l'.
791 4019 817 4070 p.
836 3999 897 4052 352.
916 4034 922 4048 .
942 4029 974 4039 -

363 4113 410 4181 25)
428 4113 460 4162 cf.
480 4129 498 4162 s.
517 4109 596 4161 Prud.
618 4106 651 4157 de
668 4105 800 4174 praedest.
820 4109 910 4154 contra
928 4102 949 4153 l.
972 4071 1081 4151 Scotum
1103 4113 1160 4165 cap.
1182 4093 1222 4144 td.
1253 4094 1364 4144 Maxima

373 4249 381 4267 ¹
428 4197 555 4250 biblioth.
573 4203 625 4246 vet.
644 4203 748 4265 patrum
767 4190 831 4242 edit.
853 4189 972 4256 lugdun.
991 4193 1055 4237 tum·
1076 4184 1130 4246 XV,
1150 4201 1175 4253 p.
1192 4180 1252 4234 531.
1272 4181 1301 4232 Ε.
1313 4209 1347 4223 -
