3014 4950
324 466 345 526 4

321 649 422 712 Nostri
444 648 568 728 patriam
592 645 684 707 tuisse
707 644 908 722 contendunt,
943 647 999 708 etsi
1028 643 1149 710 natione
1172 650 1279 713 Scotus
1298 651 1362 729 suit,

324 754 407 810 recte
428 747 571 809 iudicare.
596 779 632 791 -
656 745 716 807 lam
739 763 813 806 uero
838 745 875 806 de
898 746 1023 827 singuiis
1044 749 1203 811 videndum
1226 758 1280 813 est.

406 849 463 921 Qui
495 850 524 909 in
548 845 691 907 Hibernia
721 845 862 907 loannem
885 853 1018 908 nostrum
1040 855 1138 911 uatum
1160 851 1364 928 emeremni,

323 947 455 1028 pluribus
484 953 603 1008 utuntur
630 948 813 1026 argumentis
828 951 886 1023 ¹²),
921 963 1045 1026 quorum
1082 967 1223 1012 summum
1257 951 1363 1013 ordine

323 1063 525 1127 proponemus
547 1045 692 1126 simulque
714 1044 873 1129 diligenter
895 1048 1140 1112 examinabimus.
1163 1087 1203 1098 -

406 1147 494 1220 Quod
516 1148 607 1228 igitur
626 1147 750 1226 primum
773 1145 901 1208 loannes
925 1147 1013 1209 suerit
1032 1165 1147 1230 genere
1170 1150 1287 1227 scotus,
1308 1151 1363 1212 Hi-

263 1248 265 1254 '
322 1247 425 1310 bernia
448 1246 505 1308 iltis
529 1247 712 1327 temporibus
731 1247 856 1327 propria.
874 1247 1030 1311 Scotorum
1055 1248 1162 1326 sedes,
1192 1250 1251 1312 boc
1272 1267 1364 1333 argn-

323 1353 452 1408 mentum
476 1347 661 1424 conciderit,
694 1346 854 1409 dummodo
878 1349 1080 1428 cogitaveris,
1103 1349 1192 1410 ctiam
1213 1348 1243 1410 in
1263 1351 1364 1414 scotia

324 1450 406 1510 etin
427 1447 535 1510 Watiia
556 1446 614 1509 ittis
634 1447 816 1528 temporibus
838 1446 1020 1510 habitavisse
1042 1449 1160 1514 Scotos.

407 1547 525 1610 Deinde
549 1547 659 1610 habent
686 1565 711 1610 s.
732 1547 939 1624 Prudentium,
970 1549 1140 1628 episcopum
1164 1547 1363 1611 Tricassiuum

325 1648 407 1724 (sire
429 1648 644 1725 trecensem),
678 1647 728 1727 qui
750 1665 817 1708 cum
838 1646 950 1708 Ioanne
973 1649 1048 1711 vixit
1068 1649 1156 1710 etde
1176 1665 1214 1711 co
1240 1649 1364 1730 inquens

325 1747 388 1827 „Te
411 1748 544 1827 solum“,
577 1749 638 1825 ait,
672 1748 826 1828 „omnium
845 1749 1044 1810 acutissimum
1070 1749 1182 1812 Galliae
1203 1749 1365 1811 transmisit

323 1847 467 1911 Hibernia
482 1851 554 1926 13)“.
576 1883 616 1898 -
640 1847 749 1911 Verum
777 1865 816 1908 ne
846 1864 885 1910 ex
906 1847 966 1910 boc
989 1850 1107 1929 quidem
1122 1851 1289 1931 'quidquam
1312 1865 1366 1910 se·

325 1950 431 2030 quitur,
451 1949 510 2012 nisi
532 1949 673 2011 ioannem
698 1967 737 2010 ex
758 1948 898 2011 Hibernia
921 1950 951 2011 in
973 1949 1095 2013 Galliam
1115 1953 1254 2014 venisse:
1283 1950 1364 2013 nulio

325 2051 416 2112 modo
447 2050 521 2118 iude'
550 2049 698 2127 efficitur,
729 2055 761 2112 ut
782 2051 871 2111 etiam
892 2050 922 2111 in
944 2050 1085 2113 Hibernia
1110 2058 1195 2112 uatus
1216 2053 1263 2114 sit.
1306 2050 1367 2114 Sed

325 2151 477 2232 putaveris
498 2149 634 2228 forsitan,
663 2167 719 2211 nos
745 2167 770 2212 s.
793 2149 942 2212 Prudentii
963 2152 1056 2212 verba
1079 2151 1167 2211 nimis
1189 2151 1228 2212 ad
1251 2152 1366 2231 apicem

327 2267 396 2311 esse
416 2249 643 2329 interpretatos:
675 2267 733 2310 uec
763 2249 847 2330 plura
876 2250 1045 2312 concedere
1066 2267 1249 2312 recusamus.
1294 2251 1368 2313 Nam

327 2367 396 2412 esse
424 2356 540 2429 potest,
571 2356 604 2412 ut
630 2350 758 2412 Ioannes
786 2351 817 2412 in
849 2349 992 2410 Hibernia
1022 2350 1152 2412 sortasse
1171 2349 1293 2430 tongum
1314 2367 1369 2429 per

325 2456 442 2530 tempus
461 2449 555 2512 literis
579 2436 705 2531 operam'
720 2449 844 2526 dederit,
873 2457 962 2530 atque
983 2450 1022 2510 ita
1044 2449 1080 2511 ab
1102 2447 1241 2511 Hibernis
1263 2449 1369 2512 erudi·-

327 2557 375 2612 tns
397 2552 427 2612 in
448 2550 571 2613 Galliam
592 2568 626 2615 se
650 2550 817 2614 contulerit.
861 2549 947 2624 Quod
978 2567 1012 2611 re
1036 2568 1109 2612 vera
1130 2550 1240 2613 tactum
1262 2550 1369 2628 videri,

327 2649 460 2728 infrare)
484 2651 685 2714 ostendemus.
728 2651 810 2712 Haec
833 2657 929 2713 eutem
951 2653 1112 2713 concessio
1131 2655 1233 2713 nostra
1248 2653 1368 2713 omnino

325 2795 627 2809 Μ

365 2902 410 2970 12)
429 2902 463 2952 cf.
481 2902 601 2953 Histoire
619 2903 736 2954 literaire
756 2903 790 2953 de
809 2902 835 2952 la
855 2902 964 2952 Franco.
995 2901 1106 2953 Perdes
1126 2901 1264 2970 Heiigieux
1283 2898 1369 2949 Bene·

428 2989 525 3041 diutins
546 2989 579 3040 de
600 2991 626 3040 la
645 2989 896 3057 Congrdgution'de
918 2989 943 3042 S.
965 2987 1050 3040 Muur.
1070 2997 1134 3039 tom.
1155 2989 1186 3052 V,
1207 3006 1233 3058 p.
1252 2985 1312 3037 tto.
1336 3014 1369 3026 -

428 3078 471 3127 Du
491 3079 546 3140 Pin,
567 3091 646 3128 nour.
665 3075 793 3128 biblioth.
811 3077 828 3128 Ι.
849 3077 867 3131 Ι.
888 3077 935 3145 (sc.
954 3083 1017 3128 tom.
1036 3075 1098 3146 vlt)
1116 3093 1140 3144 p.
1161 3073 1201 3125 tr.
1223 3105 1252 3113 -
1273 3071 1369 3123 Thom-

433 3165 535 3216 Moore.
555 3165 573 3216 l.
593 3166 611 3216 Ι.
633 3166 697 3217 vot.
720 3166 741 3229 1,
762 3182 820 3235 cap.
842 3165 883 3217 13.
903 3166 1005 3234 interp.
1025 3165 1115 3216 Germ.
1136 3162 1197 3212 Vol.
1217 3161 1237 3221 Ι,
1259 3176 1285 3227 p.
1307 3157 1368 3210 354.

429 3263 481 3304 cet.
500 3261 550 3304 cet.
981 3271 984 3284 ⁵
1005 3246 1024 3290 ‘-

369 3357 414 3422 13)
436 3357 469 3408 cs.
490 3357 586 3408 Thcm.
605 3357 682 3409 Gale.
704 3358 721 3408 Ι.
741 3357 760 3408 i.
781 3359 880 3408 testim.
899 3372 924 3424 p.
942 3355 968 3416 t,
989 3335 1036 3423 qui
1055 3353 1125 3402 bunc
1140 3351 1227 3400 iocum
1242 3347 1325 3400 babet
1337 3367 1370 3400 ex

430 3445 457 3496 S.
484 3444 562 3496 Prud.
587 3445 656 3497 libro
676 3445 729 3507 „rie
755 3445 890 3515 praedest.
911 3441 1037 3494 adversus
1059 3441 1184 3490 Scotum“
1203 3432 1261 3507 cap.
1284 3437 1317 3488 14
1334 3437 1369 3486 cf.

434 3533 550 3584 blasima
577 3533 705 3585 biblioth.
733 3541 786 3584 vet.
817 3540 930 3601 patrum,
963 3527 1028 3579 edit.
1047 3525 1231 3596 Lugdunensis
1249 3555 1284 3568 ·-
1306 3533 1370 3576 tom.

433 3621 489 3681 XV,
508 3639 532 3690 p.
550 3620 602 3673 534
621 3621 649 3671 Ε.
670 3649 697 3661 -

517 3727 573 3776 Hoc
591 3727 650 3776 loco
671 3724 697 3775 S.
719 3721 877 3774 Prudentius
898 3717 1068 3780 „Hibernicis
1087 3719 1215 3786 Erigonae
1241 3713 1372 3764 eruditio-

434 3813 532 3864 nibus“
554 3812 668 3882 opponit
688 3841 719 3850 -
741 3825 831 3870 „sum
852 3807 935 3876 ipsius
954 3805 1135 3875 eloquentium
1148 3803 1303 3862 Celticum,“
1324 3801 1371 3870 qui

435 3909 534 3960 tumen,
553 3906 584 3949 ut
602 3899 659 3967 ipse
677 3896 711 3946 de
730 3911 758 3944 se
776 3895 822 3958 ait,
841 3923 874 3932 -
894 3893 947 3943 tutu
966 3891 1114 3962 „Hesperia
1133 3891 1254 3956 genitus,
1284 3888 1372 3940 Cottae

436 3986 566 4037 deductus
584 3995 612 4036 et
628 3986 719 4035 uitus‘⁸
738 4011 771 4022 -
791 3981 824 4033 ci.
850 3979 912 4032 hiat.
935 3981 986 4032 litt.
1012 3980 1045 4030 de
1077 3980 1100 4028 ie
1128 3975 1227 4027 Frunce
1254 3981 1316 4026 tom.
1341 3975 1373 4034 V,

438 4093 462 4142 p.
481 4072 532 4124 tto
561 4099 594 4112 ·-
614 4079 641 4122 et
668 4069 771 4120 macru.
801 4068 887 4118 annul.
916 4068 1015 4120 Bened.
1040 4075 1104 4117 tom.
1124 4063 1172 4126 ΙΙΙ,
1192 4079 1216 4131 ρ.
1237 4061 1261 4116 6.
1283 4093 1314 4104 -·

373 4176 418 4246 tt)
437 4179 466 4229 ln
484 4195 541 4247 cap.
562 4175 593 4226 ΙΙ.
