<?xml version="1.0" encoding="UTF-8"?>
<!DOCTYPE html PUBLIC "-//W3C//DTD XHTML 1.0 Transitional//EN"
    "http://www.w3.org/TR/xhtml1/DTD/xhtml1-transitional.dtd">
<html xmlns="http://www.w3.org/1999/xhtml" xml:lang="en" lang="en">
 <head>
  <title>
</title>
<meta http-equiv="Content-Type" content="text/html;charset=utf-8" />
  <meta name='ocr-system' content='tesseract 3.04.00' />
  <meta name='ocr-capabilities' content='ocr_page ocr_carea ocr_par ocr_line ocrx_word'/>
</head>
<body>
  <div class='ocr_page' id='page_1' title='image "./deioannescotoer01unkngoog_0016.png"; bbox 0 0 3014 4950; ppageno 0'>
   <div class='ocr_carea' id='block_1_1' title="bbox 1172 459 1191 522">
    <p class='ocr_par' dir='ltr' id='par_1_1' title="bbox 1172 459 1191 522">
     <span class='ocr_line' id='line_1_1' title="bbox 1172 459 1191 522; baseline 0 0"><span class='ocrx_word' id='word_1_1' title='bbox 1172 459 1191 522; x_wconf 89' lang='grc'><strong>7</strong></span> 
     </span>
    </p>
   </div>
   <div class='ocr_carea' id='block_1_2' title="bbox 148 643 1193 1125">
    <p class='ocr_par' dir='ltr' id='par_1_2' title="bbox 148 643 1193 1125">
     <span class='ocr_line' id='line_1_2' title="bbox 148 643 1192 726; baseline -0.013 -10"><span class='ocrx_word' id='word_1_2' title='bbox 148 671 211 716; x_wconf 93' lang='lat' dir='ltr'><strong>non</strong></span> <span class='ocrx_word' id='word_1_3' title='bbox 235 653 334 716; x_wconf 89' lang='lat' dir='ltr'><strong>minus</strong></span> <span class='ocrx_word' id='word_1_4' title='bbox 358 646 526 726; x_wconf 79' lang='lat' dir='ltr'>Erigonae,</span> <span class='ocrx_word' id='word_1_5' title='bbox 561 661 649 725; x_wconf 91' lang='lat' dir='ltr'><strong>quam</strong></span> <span class='ocrx_word' id='word_1_6' title='bbox 670 645 751 707; x_wconf 84' lang='lat' dir='ltr'><strong>scoti</strong></span> <span class='ocrx_word' id='word_1_7' title='bbox 779 659 888 704; x_wconf 87' lang='lat' dir='ltr'><strong>nornen</strong></span> <span class='ocrx_word' id='word_1_8' title='bbox 915 643 954 705; x_wconf 89' lang='lat' dir='ltr'><strong>ad</strong></span> <span class='ocrx_word' id='word_1_9' title='bbox 975 645 1073 708; x_wconf 87' lang='lat' dir='ltr'><strong>Nostri</strong></span> <span class='ocrx_word' id='word_1_10' title='bbox 1096 643 1192 724; x_wconf 80' lang='lat' dir='ltr'><strong>origi-</strong></span> 
     </span>
     <span class='ocr_line' id='line_1_3' title="bbox 148 745 1193 824; baseline -0.011 -9"><span class='ocrx_word' id='word_1_11' title='bbox 148 771 219 816; x_wconf 90' lang='lat' dir='ltr'><strong>nem</strong></span> <span class='ocrx_word' id='word_1_12' title='bbox 242 746 453 812; x_wconf 78' lang='lat' dir='ltr'><strong>declarandam</strong></span> <span class='ocrx_word' id='word_1_13' title='bbox 474 745 637 824; x_wconf 86' lang='lat' dir='ltr'><strong>pertinere,</strong></span> <span class='ocrx_word' id='word_1_14' title='bbox 662 751 750 824; x_wconf 89' lang='lat' dir='ltr'><strong>atque</strong></span> <span class='ocrx_word' id='word_1_15' title='bbox 775 745 815 804; x_wconf 92' lang='lat' dir='ltr'><strong>ita</strong></span> <span class='ocrx_word' id='word_1_16' title='bbox 836 759 939 822; x_wconf 80' lang='lat' dir='ltr'><strong>porro,</strong></span> <span class='ocrx_word' id='word_1_17' title='bbox 963 762 1050 824; x_wconf 90' lang='lat' dir='ltr'><strong>quum</strong></span> <span class='ocrx_word' id='word_1_18' title='bbox 1072 745 1193 805; x_wconf 93' lang='lat' dir='ltr'><strong>nomine</strong></span> 
     </span>
     <span class='ocr_line' id='line_1_4' title="bbox 149 843 1192 925; baseline -0.009 -10"><span class='ocrx_word' id='word_1_19' title='bbox 149 851 235 916; x_wconf 84' lang='lat' dir='ltr'><strong>Scoti</strong></span> <span class='ocrx_word' id='word_1_20' title='bbox 254 849 335 911; x_wconf 89' lang='lat' dir='ltr'><strong>natio</strong></span> <span class='ocrx_word' id='word_1_21' title='bbox 357 881 396 894; x_wconf 90' lang='lat'><em>-</em></span> <span class='ocrx_word' id='word_1_22' title='bbox 417 844 539 906; x_wconf 84' lang='lat' dir='ltr'><strong>atinde</strong></span> <span class='ocrx_word' id='word_1_23' title='bbox 561 850 641 906; x_wconf 90' lang='lat' dir='ltr'><strong>terra</strong></span> <span class='ocrx_word' id='word_1_24' title='bbox 663 845 758 924; x_wconf 91' lang='lat' dir='ltr'><strong>patria</strong></span> <span class='ocrx_word' id='word_1_25' title='bbox 786 843 954 925; x_wconf 85' lang='lat' dir='ltr'><strong>significata</strong></span> <span class='ocrx_word' id='word_1_26' title='bbox 983 847 1037 922; x_wconf 83' lang='lat' dir='ltr'><strong>sit,</strong></span> <span class='ocrx_word' id='word_1_27' title='bbox 1072 845 1192 906; x_wconf 89' lang='lat' dir='ltr'><strong>nomine</strong></span> 
     </span>
     <span class='ocr_line' id='line_1_5' title="bbox 149 944 1193 1031; baseline -0.006 -17"><span class='ocrx_word' id='word_1_28' title='bbox 149 951 302 1031; x_wconf 80' lang='lat' dir='ltr'><strong>Erigonae</strong></span> <span class='ocrx_word' id='word_1_29' title='bbox 321 948 414 1027; x_wconf 84' lang='lat' dir='ltr'><strong>ipsam</strong></span> <span class='ocrx_word' id='word_1_30' title='bbox 434 945 601 1026; x_wconf 84' lang='lat' dir='ltr'><strong>regionem,</strong></span> <span class='ocrx_word' id='word_1_31' title='bbox 624 944 671 1007; x_wconf 89' lang='lat' dir='ltr'><strong>val</strong></span> <span class='ocrx_word' id='word_1_32' title='bbox 693 947 786 1025; x_wconf 88' lang='lat' dir='ltr'><strong>ipsum</strong></span> <span class='ocrx_word' id='word_1_33' title='bbox 805 947 955 1026; x_wconf 84' lang='lat' dir='ltr'><strong>oppidum,</strong></span> <span class='ocrx_word' id='word_1_34' title='bbox 975 947 1006 1008; x_wconf 96' lang='lat' dir='ltr'><strong>in</strong></span> <span class='ocrx_word' id='word_1_35' title='bbox 1029 963 1087 1026; x_wconf 92' lang='lat' dir='ltr'><strong>quo</strong></span> <span class='ocrx_word' id='word_1_36' title='bbox 1107 944 1193 1008; x_wconf 91' lang='lat' dir='ltr'><strong>buius</strong></span> 
     </span>
     <span class='ocr_line' id='line_1_6' title="bbox 151 1047 883 1125; baseline -0.011 -9"><span class='ocrx_word' id='word_1_37' title='bbox 151 1051 228 1116; x_wconf 91' lang='lat' dir='ltr'><strong>coeli</strong></span> <span class='ocrx_word' id='word_1_38' title='bbox 252 1049 352 1111; x_wconf 91' lang='lat' dir='ltr'><strong>lucem</strong></span> <span class='ocrx_word' id='word_1_39' title='bbox 374 1047 497 1125; x_wconf 91' lang='lat' dir='ltr'><strong>primum</strong></span> <span class='ocrx_word' id='word_1_40' title='bbox 523 1048 723 1125; x_wconf 79' lang='lat' dir='ltr'>conspexerit,</span> <span class='ocrx_word' id='word_1_41' title='bbox 746 1047 883 1108; x_wconf 89' lang='lat' dir='ltr'><strong>indicari.</strong></span> 
     </span>
    </p>
   </div>
   <div class='ocr_carea' id='block_1_3' title="bbox 237 1147 1312 1236">
    <p class='ocr_par' dir='ltr' id='par_1_3' title="bbox 237 1147 1312 1236">
     <span class='ocr_line' id='line_1_7' title="bbox 237 1147 1312 1236; baseline -0.007 -24"><span class='ocrx_word' id='word_1_42' title='bbox 237 1151 322 1212; x_wconf 87' lang='lat' dir='ltr'><strong>Hanc</strong></span> <span class='ocrx_word' id='word_1_43' title='bbox 341 1147 488 1208; x_wconf 89' lang='lat' dir='ltr'><strong>rationem</strong></span> <span class='ocrx_word' id='word_1_44' title='bbox 508 1152 629 1207; x_wconf 89' lang='lat' dir='ltr'><strong>seculus</strong></span> <span class='ocrx_word' id='word_1_45' title='bbox 653 1147 687 1209; x_wconf 89' lang='lat' dir='ltr'><strong>G.</strong></span> <span class='ocrx_word' id='word_1_46' title='bbox 700 1147 890 1210; x_wconf 83' lang='lat' dir='ltr'><strong>blackenzius</strong></span> <span class='ocrx_word' id='word_1_47' title='bbox 913 1148 1085 1210; x_wconf 90' lang='lat' dir='ltr'><strong>coniectura</strong></span> <span class='ocrx_word' id='word_1_48' title='bbox 1106 1162 1193 1206; x_wconf 89' lang='lat' dir='ltr'><strong>asse·</strong></span> <span class='ocrx_word' id='word_1_49' title='bbox 1308 1225 1312 1236; x_wconf 93' lang='lat'>.</span> 
     </span>
    </p>
   </div>
   <div class='ocr_carea' id='block_1_4' title="bbox 151 1246 1196 2216">
    <p class='ocr_par' dir='ltr' id='par_1_4' title="bbox 151 1246 1196 1632">
     <span class='ocr_line' id='line_1_8' title="bbox 152 1246 1193 1334; baseline -0.008 -20"><span class='ocrx_word' id='word_1_50' title='bbox 152 1253 204 1334; x_wconf 92' lang='lat' dir='ltr'><strong>qui</strong></span> <span class='ocrx_word' id='word_1_51' title='bbox 225 1250 323 1325; x_wconf 86' lang='lat' dir='ltr'><strong>voluit,</strong></span> <span class='ocrx_word' id='word_1_52' title='bbox 343 1247 474 1311; x_wconf 80' lang='lat' dir='ltr'><strong>scotiam</strong></span> <span class='ocrx_word' id='word_1_53' title='bbox 498 1263 566 1308; x_wconf 91' lang='lat' dir='ltr'><strong>esse</strong></span> <span class='ocrx_word' id='word_1_54' title='bbox 586 1246 706 1309; x_wconf 85' lang='lat' dir='ltr'><strong>loannis</strong></span> <span class='ocrx_word' id='word_1_55' title='bbox 726 1250 850 1327; x_wconf 90' lang='lat' dir='ltr'><strong>patriam</strong></span> <span class='ocrx_word' id='word_1_56' title='bbox 862 1253 916 1324; x_wconf 82' lang='lat'><strong>²⁰).</strong></span> <span class='ocrx_word' id='word_1_57' title='bbox 959 1247 1031 1310; x_wconf 90' lang='lat' dir='ltr'><strong>Nam</strong></span> <span class='ocrx_word' id='word_1_58' title='bbox 1064 1247 1094 1307; x_wconf 93' lang='lat' dir='ltr'><strong>in</strong></span> <span class='ocrx_word' id='word_1_59' title='bbox 1116 1246 1193 1309; x_wconf 88' lang='lat' dir='ltr'><strong>Soo-</strong></span> 
     </span>
     <span class='ocr_line' id='line_1_9' title="bbox 152 1345 1196 1427; baseline -0.01 -13"><span class='ocrx_word' id='word_1_60' title='bbox 152 1355 195 1414; x_wconf 89' lang='lat' dir='ltr'><strong>lia</strong></span> <span class='ocrx_word' id='word_1_61' title='bbox 216 1352 302 1414; x_wconf 88' lang='lat' dir='ltr'><strong>situm</strong></span> <span class='ocrx_word' id='word_1_62' title='bbox 325 1365 395 1409; x_wconf 89' lang='lat' dir='ltr'><strong>esse</strong></span> <span class='ocrx_word' id='word_1_63' title='bbox 420 1347 558 1427; x_wconf 91' lang='lat' dir='ltr'><strong>oppidum</strong></span> <span class='ocrx_word' id='word_1_64' title='bbox 578 1346 663 1423; x_wconf 84' lang='lat' dir='ltr'><strong>Aine,</strong></span> <span class='ocrx_word' id='word_1_65' title='bbox 693 1347 772 1426; x_wconf 90' lang='lat' dir='ltr'><strong>qnod</strong></span> <span class='ocrx_word' id='word_1_66' title='bbox 796 1347 925 1410; x_wconf 84' lang='lat' dir='ltr'><strong>fortasse</strong></span> <span class='ocrx_word' id='word_1_67' title='bbox 946 1345 1196 1427; x_wconf 85' lang='lat' dir='ltr'><strong>progeneranerit</strong></span> 
     </span>
     <span class='ocr_line' id='line_1_10' title="bbox 153 1445 1194 1529; baseline -0.007 -16"><span class='ocrx_word' id='word_1_68' title='bbox 153 1453 306 1525; x_wconf 79' lang='lat' dir='ltr'><strong>loannem,</strong></span> <span class='ocrx_word' id='word_1_69' title='bbox 329 1465 418 1529; x_wconf 94' lang='lat' dir='ltr'><strong>quum</strong></span> <span class='ocrx_word' id='word_1_70' title='bbox 443 1465 482 1508; x_wconf 88' lang='lat' dir='ltr'><strong>ex</strong></span> <span class='ocrx_word' id='word_1_71' title='bbox 502 1445 588 1509; x_wconf 89' lang='lat' dir='ltr'><strong>buius</strong></span> <span class='ocrx_word' id='word_1_72' title='bbox 610 1447 711 1526; x_wconf 87' lang='lat' dir='ltr'>oppidi</span> <span class='ocrx_word' id='word_1_73' title='bbox 733 1450 853 1510; x_wconf 91' lang='lat' dir='ltr'><strong>nomine</strong></span> <span class='ocrx_word' id='word_1_74' title='bbox 874 1447 963 1510; x_wconf 83' lang='lat' dir='ltr'><strong>facile</strong></span> <span class='ocrx_word' id='word_1_75' title='bbox 984 1448 1101 1508; x_wconf 90' lang='lat' dir='ltr'><strong>ductum</strong></span> <span class='ocrx_word' id='word_1_76' title='bbox 1123 1461 1194 1507; x_wconf 88' lang='lat' dir='ltr'><strong>esse</strong></span> 
     </span>
     <span class='ocr_line' id='line_1_11' title="bbox 151 1548 560 1632; baseline -0.012 -19"><span class='ocrx_word' id='word_1_77' title='bbox 151 1552 247 1632; x_wconf 82' lang='lat' dir='ltr'><strong>possit</strong></span> <span class='ocrx_word' id='word_1_78' title='bbox 268 1567 377 1611; x_wconf 91' lang='lat' dir='ltr'><strong>nomen</strong></span> <span class='ocrx_word' id='word_1_79' title='bbox 400 1548 560 1628; x_wconf 81' lang='lat' dir='ltr'><strong>Erigenae.</strong></span> 
     </span>
    </p>

    <p class='ocr_par' dir='ltr' id='par_1_5' title="bbox 155 1645 1196 2216">
     <span class='ocr_line' id='line_1_12' title="bbox 236 1645 1195 1729; baseline -0.005 -17"><span class='ocrx_word' id='word_1_80' title='bbox 236 1649 280 1712; x_wconf 88' lang='lat' dir='ltr'><strong>En</strong></span> <span class='ocrx_word' id='word_1_81' title='bbox 302 1648 446 1729; x_wconf 90' lang='lat' dir='ltr'><strong>quidquid</strong></span> <span class='ocrx_word' id='word_1_82' title='bbox 469 1664 577 1709; x_wconf 87' lang='lat' dir='ltr'><strong>causae</strong></span> <span class='ocrx_word' id='word_1_83' title='bbox 596 1647 653 1708; x_wconf 87' lang='lat' dir='ltr'><strong>viri</strong></span> <span class='ocrx_word' id='word_1_84' title='bbox 674 1646 764 1724; x_wconf 85' lang='lat' dir='ltr'><strong>docti,</strong></span> <span class='ocrx_word' id='word_1_85' title='bbox 784 1654 815 1709; x_wconf 91' lang='lat' dir='ltr'><strong>ut</strong></span> <span class='ocrx_word' id='word_1_86' title='bbox 834 1648 954 1710; x_wconf 87' lang='lat' dir='ltr'><strong>Scoliae</strong></span> <span class='ocrx_word' id='word_1_87' title='bbox 975 1649 1090 1728; x_wconf 79' lang='lat' dir='ltr'><strong>patriae</strong></span> <span class='ocrx_word' id='word_1_88' title='bbox 1104 1645 1195 1708; x_wconf 91' lang='lat' dir='ltr'><strong>loan-</strong></span> 
     </span>
     <span class='ocr_line' id='line_1_13' title="bbox 155 1747 1196 1828; baseline -0.007 -15"><span class='ocrx_word' id='word_1_89' title='bbox 155 1769 224 1813; x_wconf 88' lang='lat' dir='ltr'><strong>nem</strong></span> <span class='ocrx_word' id='word_1_90' title='bbox 249 1751 458 1826; x_wconf 85' lang='lat' dir='ltr'><strong>vindicarent‚</strong></span> <span class='ocrx_word' id='word_1_91' title='bbox 491 1749 521 1809; x_wconf 95' lang='lat' dir='ltr'><strong>in</strong></span> <span class='ocrx_word' id='word_1_92' title='bbox 553 1748 681 1810; x_wconf 89' lang='lat' dir='ltr'><strong>medium</strong></span> <span class='ocrx_word' id='word_1_93' title='bbox 710 1749 903 1828; x_wconf 80' lang='lat' dir='ltr'><strong>protulerunt.</strong></span> <span class='ocrx_word' id='word_1_94' title='bbox 946 1748 1055 1810; x_wconf 87' lang='lat' dir='ltr'><strong>Verum</strong></span> <span class='ocrx_word' id='word_1_95' title='bbox 1086 1747 1116 1808; x_wconf 94' lang='lat' dir='ltr'><strong>in</strong></span> <span class='ocrx_word' id='word_1_96' title='bbox 1147 1763 1196 1823; x_wconf 89' lang='lat' dir='ltr'><strong>eo,</strong></span> 
     </span>
     <span class='ocr_line' id='line_1_14' title="bbox 156 1845 1193 1930; baseline -0.008 -16"><span class='ocrx_word' id='word_1_97' title='bbox 156 1852 224 1914; x_wconf 91' lang='lat' dir='ltr'><strong>durn</strong></span> <span class='ocrx_word' id='word_1_98' title='bbox 246 1852 357 1913; x_wconf 88' lang='lat' dir='ltr'><strong>certius</strong></span> <span class='ocrx_word' id='word_1_99' title='bbox 380 1850 427 1910; x_wconf 89' lang='lat' dir='ltr'><strong>vel</strong></span> <span class='ocrx_word' id='word_1_100' title='bbox 445 1849 627 1930; x_wconf 82' lang='lat' dir='ltr'><strong>probabilius</strong></span> <span class='ocrx_word' id='word_1_101' title='bbox 648 1849 758 1930; x_wconf 89' lang='lat' dir='ltr'><strong>aliquid</strong></span> <span class='ocrx_word' id='word_1_102' title='bbox 777 1852 962 1925; x_wconf 87' lang='lat' dir='ltr'><strong>inveniatur,</strong></span> <span class='ocrx_word' id='word_1_103' title='bbox 995 1847 1076 1910; x_wconf 90' lang='lat' dir='ltr'><strong>baud</strong></span> <span class='ocrx_word' id='word_1_104' title='bbox 1106 1845 1193 1908; x_wconf 89' lang='lat' dir='ltr'><strong>laeile</strong></span> 
     </span>
     <span class='ocr_line' id='line_1_15' title="bbox 155 1950 1195 2032; baseline -0.007 -18"><span class='ocrx_word' id='word_1_105' title='bbox 155 1969 333 2032; x_wconf 91' lang='lat' dir='ltr'><strong>quemquam</strong></span> <span class='ocrx_word' id='word_1_106' title='bbox 355 1952 551 2031; x_wconf 83' lang='lat' dir='ltr'><strong>acquiescere</strong></span> <span class='ocrx_word' id='word_1_107' title='bbox 574 1968 665 2031; x_wconf 92' lang='lat' dir='ltr'><strong>posse</strong></span> <span class='ocrx_word' id='word_1_108' title='bbox 686 1953 872 2013; x_wconf 84' lang='lat' dir='ltr'><strong>arbitramur.</strong></span> <span class='ocrx_word' id='word_1_109' title='bbox 903 1951 988 2024; x_wconf 87' lang='lat' dir='ltr'><strong>Quod</strong></span> <span class='ocrx_word' id='word_1_110' title='bbox 1009 1950 1077 2011; x_wconf 93' lang='lat' dir='ltr'><strong>dum</strong></span> <span class='ocrx_word' id='word_1_111' title='bbox 1096 1965 1195 2027; x_wconf 90' lang='lat' dir='ltr'><strong>neque</strong></span> 
     </span>
     <span class='ocr_line' id='line_1_16' title="bbox 156 2050 1196 2132; baseline -0.007 -16"><span class='ocrx_word' id='word_1_112' title='bbox 156 2069 196 2116; x_wconf 87' lang='lat' dir='ltr'><strong>ex</strong></span> <span class='ocrx_word' id='word_1_113' title='bbox 210 2051 362 2130; x_wconf 86' lang='lat' dir='ltr'><strong>Hibernia,</strong></span> <span class='ocrx_word' id='word_1_114' title='bbox 385 2069 483 2132; x_wconf 90' lang='lat' dir='ltr'><strong>neque</strong></span> <span class='ocrx_word' id='word_1_115' title='bbox 506 2070 545 2112; x_wconf 89' lang='lat' dir='ltr'><strong>ex</strong></span> <span class='ocrx_word' id='word_1_116' title='bbox 564 2053 664 2115; x_wconf 87' lang='lat' dir='ltr'><strong>Scotia</strong></span> <span class='ocrx_word' id='word_1_117' title='bbox 688 2050 803 2114; x_wconf 90' lang='lat' dir='ltr'><strong>allatum</strong></span> <span class='ocrx_word' id='word_1_118' title='bbox 822 2052 1118 2128; x_wconf 59' lang='lat' dir='ltr'><strong>videmus‚«&#39;l&#39;lnomas</strong></span> <span class='ocrx_word' id='word_1_119' title='bbox 1133 2050 1196 2111; x_wconf 89' lang='lat' dir='ltr'><strong>Ga-</strong></span> 
     </span>
     <span class='ocr_line' id='line_1_17' title="bbox 157 2151 1195 2216; baseline -0.004 -1"><span class='ocrx_word' id='word_1_120' title='bbox 157 2153 223 2215; x_wconf 89' lang='lat' dir='ltr'><strong>leus</strong></span> <span class='ocrx_word' id='word_1_121' title='bbox 248 2151 341 2214; x_wconf 89' lang='lat' dir='ltr'><strong>attulit</strong></span> <span class='ocrx_word' id='word_1_122' title='bbox 364 2169 403 2216; x_wconf 87' lang='lat' dir='ltr'><strong>ax</strong></span> <span class='ocrx_word' id='word_1_123' title='bbox 426 2152 544 2214; x_wconf 86' lang='lat' dir='ltr'><strong>Wallia.</strong></span> <span class='ocrx_word' id='word_1_124' title='bbox 585 2152 665 2214; x_wconf 91' lang='lat' dir='ltr'><strong>lllius</strong></span> <span class='ocrx_word' id='word_1_125' title='bbox 688 2155 837 2214; x_wconf 88' lang='lat' dir='ltr'><strong>sententia</strong></span> <span class='ocrx_word' id='word_1_126' title='bbox 859 2153 922 2214; x_wconf 89' lang='lat' dir='ltr'><strong>lere</strong></span> <span class='ocrx_word' id='word_1_127' title='bbox 945 2152 1020 2214; x_wconf 90' lang='lat' dir='ltr'><strong>haec</strong></span> <span class='ocrx_word' id='word_1_128' title='bbox 1041 2159 1102 2214; x_wconf 93' lang='lat' dir='ltr'><strong>est:</strong></span> <span class='ocrx_word' id='word_1_129' title='bbox 1136 2167 1195 2212; x_wconf 94' lang='lat' dir='ltr'><strong>no-</strong></span> 
     </span>
    </p>
   </div>
   <div class='ocr_carea' id='block_1_5' title="bbox 158 2251 1280 2334">
    <p class='ocr_par' dir='ltr' id='par_1_6' title="bbox 158 2251 1280 2334">
     <span class='ocr_line' id='line_1_18' title="bbox 158 2251 1280 2334; baseline -0.002 -21"><span class='ocrx_word' id='word_1_130' title='bbox 158 2270 227 2314; x_wconf 90' lang='lat' dir='ltr'><strong>men</strong></span> <span class='ocrx_word' id='word_1_131' title='bbox 249 2252 399 2334; x_wconf 77' lang='lat' dir='ltr'><strong>Erigonae</strong></span> <span class='ocrx_word' id='word_1_132' title='bbox 420 2269 480 2314; x_wconf 92' lang='lat' dir='ltr'><strong>non</strong></span> <span class='ocrx_word' id='word_1_133' title='bbox 503 2271 571 2315; x_wconf 92' lang='lat' dir='ltr'><strong>esse</strong></span> <span class='ocrx_word' id='word_1_134' title='bbox 591 2257 797 2332; x_wconf 88' lang='lat' dir='ltr'><strong>compositum,</strong></span> <span class='ocrx_word' id='word_1_135' title='bbox 818 2254 872 2316; x_wconf 88' lang='lat' dir='ltr'><strong>sed</strong></span> <span class='ocrx_word' id='word_1_136' title='bbox 887 2252 1060 2332; x_wconf 90' lang='lat' dir='ltr'><strong>simpliciter</strong></span> <span class='ocrx_word' id='word_1_137' title='bbox 1077 2251 1196 2313; x_wconf 87' lang='lat' dir='ltr'><strong>ductum</strong></span> <span class='ocrx_word' id='word_1_138' title='bbox 1275 2264 1280 2273; x_wconf 89' lang='lat'><em>·</em></span> 
     </span>
    </p>
   </div>
   <div class='ocr_carea' id='block_1_6' title="bbox 135 2353 1196 3541">
    <p class='ocr_par' dir='ltr' id='par_1_7' title="bbox 135 2353 1196 3541">
     <span class='ocr_line' id='line_1_19' title="bbox 156 2353 1194 2430; baseline -0.003 -14"><span class='ocrx_word' id='word_1_139' title='bbox 156 2372 173 2416; x_wconf 89' lang='lat' dir='ltr'><strong>a</strong></span> <span class='ocrx_word' id='word_1_140' title='bbox 196 2356 317 2416; x_wconf 90' lang='lat' dir='ltr'><strong>nomine</strong></span> <span class='ocrx_word' id='word_1_141' title='bbox 338 2354 398 2416; x_wconf 90' lang='lat' dir='ltr'><strong>loci</strong></span> <span class='ocrx_word' id='word_1_142' title='bbox 420 2353 535 2415; x_wconf 88' lang='lat' dir='ltr'><strong>natalis.</strong></span> <span class='ocrx_word' id='word_1_143' title='bbox 577 2354 622 2415; x_wconf 87' lang='lat' dir='ltr'><strong>De</strong></span> <span class='ocrx_word' id='word_1_144' title='bbox 655 2353 800 2417; x_wconf 87' lang='lat' dir='ltr'><strong>hocloco</strong></span> <span class='ocrx_word' id='word_1_145' title='bbox 830 2355 920 2416; x_wconf 89' lang='lat' dir='ltr'><strong>natali</strong></span> <span class='ocrx_word' id='word_1_146' title='bbox 944 2355 983 2416; x_wconf 90' lang='lat' dir='ltr'><strong>ita</strong></span> <span class='ocrx_word' id='word_1_147' title='bbox 1005 2353 1194 2430; x_wconf 78' lang='lat' dir='ltr'><strong>disserit²¹):</strong></span> 
     </span>
     <span class='ocr_line' id='line_1_20' title="bbox 154 2455 1195 2537; baseline -0.003 -19"><span class='ocrx_word' id='word_1_148' title='bbox 154 2455 226 2534; x_wconf 87' lang='lat' dir='ltr'><strong>„Est</strong></span> <span class='ocrx_word' id='word_1_149' title='bbox 248 2456 369 2537; x_wconf 83' lang='lat' dir='ltr'><strong>Ergone</strong></span> <span class='ocrx_word' id='word_1_150' title='bbox 391 2473 461 2535; x_wconf 90' lang='lat' dir='ltr'><strong>pars</strong></span> <span class='ocrx_word' id='word_1_151' title='bbox 481 2472 542 2517; x_wconf 94' lang='lat' dir='ltr'><strong>non</strong></span> <span class='ocrx_word' id='word_1_152' title='bbox 565 2456 784 2517; x_wconf 89' lang='lat' dir='ltr'><strong>contemnenda</strong></span> <span class='ocrx_word' id='word_1_153' title='bbox 809 2455 1039 2518; x_wconf 89' lang='lat' dir='ltr'><strong>llerelordensis</strong></span> <span class='ocrx_word' id='word_1_154' title='bbox 1068 2457 1195 2516; x_wconf 89' lang='lat' dir='ltr'><strong>comita-</strong></span> 
     </span>
     <span class='ocr_line' id='line_1_21' title="bbox 154 2554 1196 2637; baseline -0.001 -21"><span class='ocrx_word' id='word_1_155' title='bbox 154 2562 214 2631; x_wconf 86' lang='lat' dir='ltr'><strong>tus,</strong></span> <span class='ocrx_word' id='word_1_156' title='bbox 234 2555 359 2617; x_wconf 89' lang='lat' dir='ltr'><strong>Walliae</strong></span> <span class='ocrx_word' id='word_1_157' title='bbox 383 2556 585 2617; x_wconf 85' lang='lat' dir='ltr'><strong>contermina:</strong></span> <span class='ocrx_word' id='word_1_158' title='bbox 618 2557 687 2633; x_wconf 86' lang='lat' dir='ltr'><strong>imo,</strong></span> <span class='ocrx_word' id='word_1_159' title='bbox 717 2573 805 2618; x_wconf 92' lang='lat' dir='ltr'><strong>unum</strong></span> <span class='ocrx_word' id='word_1_160' title='bbox 822 2570 847 2617; x_wconf 81' lang='lat' dir='ltr'><strong>¹e</strong></span> <span class='ocrx_word' id='word_1_161' title='bbox 865 2557 970 2637; x_wconf 84' lang='lat' dir='ltr'><strong>regnis</strong></span> <span class='ocrx_word' id='word_1_162' title='bbox 993 2556 1119 2618; x_wconf 88' lang='lat' dir='ltr'><strong>Wnlliae</strong></span> <span class='ocrx_word' id='word_1_163' title='bbox 1142 2554 1196 2615; x_wconf 88' lang='lat' dir='ltr'><strong>luit</strong></span> 
     </span>
     <span class='ocr_line' id='line_1_22' title="bbox 156 2653 1195 2735; baseline 0 -21"><span class='ocrx_word' id='word_1_164' title='bbox 156 2653 218 2715; x_wconf 87' lang='lat' dir='ltr'><strong>boc</strong></span> <span class='ocrx_word' id='word_1_165' title='bbox 239 2660 382 2733; x_wconf 90' lang='lat' dir='ltr'><strong>ternpore,</strong></span> <span class='ocrx_word' id='word_1_166' title='bbox 415 2654 533 2716; x_wconf 80' lang='lat' dir='ltr'><strong>Allrido</strong></span> <span class='ocrx_word' id='word_1_167' title='bbox 556 2654 751 2717; x_wconf 90' lang='lat' dir='ltr'><strong>tributarium.</strong></span> <span class='ocrx_word' id='word_1_168' title='bbox 795 2655 827 2716; x_wconf 93' lang='lat' dir='ltr'><strong>ln</strong></span> <span class='ocrx_word' id='word_1_169' title='bbox 860 2654 919 2716; x_wconf 90' lang='lat' dir='ltr'><strong>boc</strong></span> <span class='ocrx_word' id='word_1_170' title='bbox 948 2662 1043 2717; x_wconf 90' lang='lat' dir='ltr'><strong>tractu</strong></span> <span class='ocrx_word' id='word_1_171' title='bbox 1077 2655 1195 2735; x_wconf 87' lang='lat' dir='ltr'><strong>reperio</strong></span> 
     </span>
     <span class='ocr_line' id='line_1_23' title="bbox 135 2755 1194 2837; baseline -0.002 -19"><span class='ocrx_word' id='word_1_172' title='bbox 135 2755 255 2818; x_wconf 85' lang='lat' dir='ltr'><strong>¹lacurn</strong></span> <span class='ocrx_word' id='word_1_173' title='bbox 291 2755 444 2831; x_wconf 77' lang='lat' dir='ltr'><strong>Briareo,</strong></span> <span class='ocrx_word' id='word_1_174' title='bbox 478 2771 555 2835; x_wconf 89' lang='lat' dir='ltr'><strong>quae</strong></span> <span class='ocrx_word' id='word_1_175' title='bbox 587 2756 705 2836; x_wconf 91' lang='lat' dir='ltr'><strong>quidem</strong></span> <span class='ocrx_word' id='word_1_176' title='bbox 737 2756 830 2818; x_wconf 92' lang='lat' dir='ltr'><strong>dictio</strong></span> <span class='ocrx_word' id='word_1_177' title='bbox 863 2773 965 2837; x_wconf 89' lang='lat' dir='ltr'><strong>parurn</strong></span> <span class='ocrx_word' id='word_1_178' title='bbox 989 2757 1137 2835; x_wconf 78' lang='lat' dir='ltr'><strong>discrepat</strong></span> <span class='ocrx_word' id='word_1_179' title='bbox 1157 2756 1194 2816; x_wconf 95' lang='lat' dir='ltr'><strong>ab</strong></span> 
     </span>
     <span class='ocr_line' id='line_1_24' title="bbox 155 2855 1194 2937; baseline 0.001 -21"><span class='ocrx_word' id='word_1_180' title='bbox 155 2856 342 2936; x_wconf 82' lang='lat' dir='ltr'><strong>Eriugen22)</strong></span> <span class='ocrx_word' id='word_1_181' title='bbox 364 2862 412 2930; x_wconf 88' lang='lat' dir='ltr'><strong>(et</strong></span> <span class='ocrx_word' id='word_1_182' title='bbox 432 2861 587 2918; x_wconf 87' lang='lat' dir='ltr'><strong>contracta</strong></span> <span class='ocrx_word' id='word_1_183' title='bbox 605 2855 753 2937; x_wconf 81' lang='lat' dir='ltr'><strong>Ergone).</strong></span> <span class='ocrx_word' id='word_1_184' title='bbox 795 2857 856 2918; x_wconf 93' lang='lat' dir='ltr'><strong>lam</strong></span> <span class='ocrx_word' id='word_1_185' title='bbox 878 2862 940 2919; x_wconf 87' lang='lat' dir='ltr'><strong>tola</strong></span> <span class='ocrx_word' id='word_1_186' title='bbox 962 2863 1041 2919; x_wconf 83' lang='lat' dir='ltr'><strong>tenu</strong></span> <span class='ocrx_word' id='word_1_187' title='bbox 1062 2857 1100 2918; x_wconf 92' lang='lat' dir='ltr'><strong>ab</strong></span> <span class='ocrx_word' id='word_1_188' title='bbox 1121 2857 1194 2936; x_wconf 93' lang='lat' dir='ltr'><strong>ipsis</strong></span> 
     </span>
     <span class='ocr_line' id='line_1_25' title="bbox 155 2955 1195 3038; baseline -0.001 -20"><span class='ocrx_word' id='word_1_189' title='bbox 155 2956 263 3018; x_wconf 90' lang='lat' dir='ltr'><strong>Wallis</strong></span> <span class='ocrx_word' id='word_1_190' title='bbox 283 2955 436 3018; x_wconf 87' lang='lat' dir='ltr'><strong>modernis</strong></span> <span class='ocrx_word' id='word_1_191' title='bbox 459 2957 566 3019; x_wconf 87' lang='lat' dir='ltr'><strong>dicitur</strong></span> <span class='ocrx_word' id='word_1_192' title='bbox 587 2958 723 3038; x_wconf 80' lang='lat' dir='ltr'><strong>Erynng,</strong></span> <span class='ocrx_word' id='word_1_193' title='bbox 746 2958 793 3020; x_wconf 90' lang='lat' dir='ltr'><strong>vel</strong></span> <span class='ocrx_word' id='word_1_194' title='bbox 813 2958 952 3021; x_wconf 84' lang='lat' dir='ltr'><strong>Eroinuc.</strong></span> <span class='ocrx_word' id='word_1_195' title='bbox 996 2957 1052 3031; x_wconf 83' lang='lat' dir='ltr'><strong>Qui</strong></span> <span class='ocrx_word' id='word_1_196' title='bbox 1084 2957 1195 3018; x_wconf 91' lang='lat' dir='ltr'><strong>obser-</strong></span> 
     </span>
     <span class='ocr_line' id='line_1_26' title="bbox 154 3057 1194 3135; baseline -0.001 -17"><span class='ocrx_word' id='word_1_197' title='bbox 154 3057 292 3134; x_wconf 88' lang='lat' dir='ltr'><strong>vaverit,</strong></span> <span class='ocrx_word' id='word_1_198' title='bbox 323 3063 451 3135; x_wconf 73' lang='lat' dir='ltr'><strong>quantm</strong></span> <span class='ocrx_word' id='word_1_199' title='bbox 478 3059 507 3118; x_wconf 95' lang='lat' dir='ltr'><strong>in</strong></span> <span class='ocrx_word' id='word_1_200' title='bbox 540 3058 605 3118; x_wconf 90' lang='lat' dir='ltr'><strong>aliis</strong></span> <span class='ocrx_word' id='word_1_201' title='bbox 640 3058 818 3120; x_wconf 81' lang='lat' dir='ltr'><strong>dictionibus</strong></span> <span class='ocrx_word' id='word_1_202' title='bbox 839 3058 976 3120; x_wconf 89' lang='lat' dir='ltr'><strong>barbaris</strong></span> <span class='ocrx_word' id='word_1_203' title='bbox 999 3057 1037 3120; x_wconf 91' lang='lat' dir='ltr'><strong>ad</strong></span> <span class='ocrx_word' id='word_1_204' title='bbox 1059 3074 1194 3118; x_wconf 88' lang='lat' dir='ltr'><strong>normam</strong></span> 
     </span>
     <span class='ocr_line' id='line_1_27' title="bbox 156 3157 1195 3241; baseline 0 -23"><span class='ocrx_word' id='word_1_205' title='bbox 156 3157 276 3219; x_wconf 88' lang='lat' dir='ltr'><strong>latinam</strong></span> <span class='ocrx_word' id='word_1_206' title='bbox 299 3157 511 3238; x_wconf 88' lang='lat' dir='ltr'><strong>detorquendis</strong></span> <span class='ocrx_word' id='word_1_207' title='bbox 532 3161 709 3222; x_wconf 91' lang='lat' dir='ltr'><strong>mutationes</strong></span> <span class='ocrx_word' id='word_1_208' title='bbox 730 3159 900 3241; x_wconf 90' lang='lat' dir='ltr'><strong>plerumque</strong></span> <span class='ocrx_word' id='word_1_209' title='bbox 918 3161 997 3234; x_wconf 90' lang='lat' dir='ltr'><strong>liant,</strong></span> <span class='ocrx_word' id='word_1_210' title='bbox 1020 3176 1081 3221; x_wconf 94' lang='lat' dir='ltr'><strong>non</strong></span> <span class='ocrx_word' id='word_1_211' title='bbox 1102 3174 1195 3238; x_wconf 82' lang='lat' dir='ltr'><strong>aegre</strong></span> 
     </span>
     <span class='ocr_line' id='line_1_28' title="bbox 159 3255 1194 3322; baseline 0.004 -6"><span class='ocrx_word' id='word_1_212' title='bbox 159 3255 212 3318; x_wconf 92' lang='lat' dir='ltr'><strong>has</strong></span> <span class='ocrx_word' id='word_1_213' title='bbox 242 3257 422 3320; x_wconf 85' lang='lat' dir='ltr'><strong>leviusculas</strong></span> <span class='ocrx_word' id='word_1_214' title='bbox 458 3260 668 3322; x_wconf 87' lang='lat' dir='ltr'><strong>altercationes</strong></span> <span class='ocrx_word' id='word_1_215' title='bbox 700 3260 769 3322; x_wconf 91' lang='lat' dir='ltr'><strong>mibi</strong></span> <span class='ocrx_word' id='word_1_216' title='bbox 801 3259 858 3322; x_wconf 91' lang='lat' dir='ltr'><strong>hao</strong></span> <span class='ocrx_word' id='word_1_217' title='bbox 886 3262 915 3321; x_wconf 94' lang='lat' dir='ltr'><strong>in</strong></span> <span class='ocrx_word' id='word_1_218' title='bbox 937 3277 1014 3320; x_wconf 87' lang='lat' dir='ltr'><strong>voca</strong></span> <span class='ocrx_word' id='word_1_219' title='bbox 1037 3257 1194 3320; x_wconf 89' lang='lat' dir='ltr'><strong>concedet.</strong></span> 
     </span>
     <span class='ocr_line' id='line_1_29' title="bbox 156 3355 1191 3424; baseline 0.001 -6"><span class='ocrx_word' id='word_1_220' title='bbox 156 3355 314 3419; x_wconf 79' lang='lat' dir='ltr'><strong>Enimvero</strong></span> <span class='ocrx_word' id='word_1_221' title='bbox 324 3358 766 3423; x_wconf 89' lang='lat' dir='ltr'><strong>libereccleslaeLandavensis</strong></span> <span class='ocrx_word' id='word_1_222' title='bbox 777 3363 807 3422; x_wconf 93' lang='lat' dir='ltr'><strong>in</strong></span> <span class='ocrx_word' id='word_1_223' title='bbox 817 3369 887 3424; x_wconf 87' lang='lat' dir='ltr'><strong>tom.</strong></span> <span class='ocrx_word' id='word_1_224' title='bbox 903 3359 950 3422; x_wconf 93' lang='lat' dir='ltr'><strong>lll.</strong></span> <span class='ocrx_word' id='word_1_225' title='bbox 960 3358 1191 3421; x_wconf 86' lang='lat' dir='ltr'><strong>blonastioiAn-</strong></span> 
     </span>
     <span class='ocr_line' id='line_1_30' title="bbox 154 3456 1189 3541; baseline 0.004 -24"><span class='ocrx_word' id='word_1_226' title='bbox 154 3456 277 3538; x_wconf 84' lang='lat' dir='ltr'><strong>glioani,</strong></span> <span class='ocrx_word' id='word_1_227' title='bbox 291 3457 425 3521; x_wconf 87' lang='lat' dir='ltr'><strong>Giraldus</strong></span> <span class='ocrx_word' id='word_1_228' title='bbox 439 3477 557 3541; x_wconf 93' lang='lat' dir='ltr'><strong>quoque</strong></span> <span class='ocrx_word' id='word_1_229' title='bbox 568 3459 757 3524; x_wconf 85' lang='lat' dir='ltr'><strong>Gambrensis</strong></span> <span class='ocrx_word' id='word_1_230' title='bbox 771 3463 800 3524; x_wconf 92' lang='lat' dir='ltr'><strong>in</strong></span> <span class='ocrx_word' id='word_1_231' title='bbox 816 3460 972 3524; x_wconf 85' lang='lat' dir='ltr'><strong>Gambriae</strong></span> <span class='ocrx_word' id='word_1_232' title='bbox 987 3460 1189 3541; x_wconf 85' lang='lat' dir='ltr'><strong>descriptione</strong></span> 
     </span>
    </p>
   </div>
   <div class='ocr_carea' id='block_1_7' title="bbox 164 3606 503 3627">
    <p class='ocr_par' dir='ltr' id='par_1_8' title="bbox 164 3606 503 3627">
     <span class='ocr_line' id='line_1_31' title="bbox 164 3606 503 3627; baseline 0 0"><span class='ocrx_word' id='word_1_233' title='bbox 164 3606 503 3627; x_wconf 71' lang='lat'><em>-———·—-———-——-—</em></span> 
     </span>
    </p>
   </div>
   <div class='ocr_carea' id='block_1_8' title="bbox 193 3683 1197 3851">
    <p class='ocr_par' dir='ltr' id='par_1_9' title="bbox 193 3683 1197 3851">
     <span class='ocr_line' id='line_1_32' title="bbox 193 3683 1197 3760; baseline 0.01 -19"><span class='ocrx_word' id='word_1_234' title='bbox 193 3690 242 3760; x_wconf 83' lang='lat'><strong>20)</strong></span> <span class='ocrx_word' id='word_1_235' title='bbox 265 3693 299 3743; x_wconf 84' lang='lat' dir='ltr'><strong>cf.</strong></span> <span class='ocrx_word' id='word_1_236' title='bbox 318 3695 350 3745; x_wconf 90' lang='lat' dir='ltr'><strong>G.</strong></span> <span class='ocrx_word' id='word_1_237' title='bbox 368 3693 533 3759; x_wconf 73' lang='lat' dir='ltr'><strong>lilariensis,</strong></span> <span class='ocrx_word' id='word_1_238' title='bbox 553 3696 629 3748; x_wconf 74' lang='lat' dir='ltr'><strong>Liras</strong></span> <span class='ocrx_word' id='word_1_239' title='bbox 648 3696 700 3748; x_wconf 87' lang='lat' dir='ltr'><strong>and</strong></span> <span class='ocrx_word' id='word_1_240' title='bbox 720 3696 875 3748; x_wconf 79' lang='lat' dir='ltr'><strong>characters</strong></span> <span class='ocrx_word' id='word_1_241' title='bbox 894 3698 926 3749; x_wconf 87' lang='lat' dir='ltr'><strong>ol</strong></span> <span class='ocrx_word' id='word_1_242' title='bbox 943 3683 1197 3750; x_wconf 46' lang='lat' dir='ltr'><strong>Scots&#39;Writarsoe-</strong></span> 
     </span>
     <span class='ocr_line' id='line_1_33' title="bbox 255 3779 735 3851; baseline 0.006 -22"><span class='ocrx_word' id='word_1_243' title='bbox 255 3779 353 3832; x_wconf 88' lang='lat' dir='ltr'><strong>Edinb.</strong></span> <span class='ocrx_word' id='word_1_244' title='bbox 376 3780 509 3833; x_wconf 80' lang='lat' dir='ltr'><strong>1708f01.</strong></span> <span class='ocrx_word' id='word_1_245' title='bbox 533 3783 590 3834; x_wconf 87' lang='lat' dir='ltr'><strong>Vol.</strong></span> <span class='ocrx_word' id='word_1_246' title='bbox 607 3781 628 3842; x_wconf 85' lang='lat'><strong>1,</strong></span> <span class='ocrx_word' id='word_1_247' title='bbox 645 3800 672 3851; x_wconf 92' lang='lat' dir='ltr'><strong>p.</strong></span> <span class='ocrx_word' id='word_1_248' title='bbox 691 3779 735 3834; x_wconf 72' lang='lat'><strong>49.</strong></span> 
     </span>
    </p>
   </div>
   <div class='ocr_carea' id='block_1_9' title="bbox 193 3879 775 3955">
    <p class='ocr_par' dir='ltr' id='par_1_10' title="bbox 193 3879 775 3955">
     <span class='ocr_line' id='line_1_34' title="bbox 193 3879 775 3955; baseline 0.009 -25"><span class='ocrx_word' id='word_1_249' title='bbox 193 3879 240 3947; x_wconf 80' lang='lat'><strong>21)</strong></span> <span class='ocrx_word' id='word_1_250' title='bbox 258 3882 291 3933; x_wconf 82' lang='lat' dir='ltr'><strong>cl.</strong></span> <span class='ocrx_word' id='word_1_251' title='bbox 308 3882 404 3934; x_wconf 83' lang='lat' dir='ltr'><strong>Thom.</strong></span> <span class='ocrx_word' id='word_1_252' title='bbox 425 3884 500 3936; x_wconf 85' lang='lat' dir='ltr'><strong>Gale.</strong></span> <span class='ocrx_word' id='word_1_253' title='bbox 521 3885 538 3936; x_wconf 91' lang='grc' dir='ltr'><strong>Ι.</strong></span> <span class='ocrx_word' id='word_1_254' title='bbox 557 3886 575 3939; x_wconf 92' lang='lat' dir='ltr'><strong>l.</strong></span> <span class='ocrx_word' id='word_1_255' title='bbox 595 3894 666 3937; x_wconf 83' lang='lat' dir='ltr'><strong>testi.</strong></span> <span class='ocrx_word' id='word_1_256' title='bbox 684 3905 710 3955; x_wconf 89' lang='lat' dir='ltr'><strong>p.</strong></span> <span class='ocrx_word' id='word_1_257' title='bbox 735 3885 775 3936; x_wconf 87' lang='grc'><strong>10.</strong></span> 
     </span>
    </p>
   </div>
   <div class='ocr_carea' id='block_1_10' title="bbox 191 3983 1197 4148">
    <p class='ocr_par' dir='ltr' id='par_1_11' title="bbox 191 3983 1197 4148">
     <span class='ocr_line' id='line_1_35' title="bbox 191 3983 1197 4059; baseline 0.007 -22"><span class='ocrx_word' id='word_1_258' title='bbox 191 3983 240 4053; x_wconf 78' lang='lat'><strong>22)</strong></span> <span class='ocrx_word' id='word_1_259' title='bbox 258 3987 425 4038; x_wconf 81' lang='lat' dir='ltr'><strong>Manendum</strong></span> <span class='ocrx_word' id='word_1_260' title='bbox 446 3989 557 4042; x_wconf 81' lang='lat' dir='ltr'><strong>esthon</strong></span> <span class='ocrx_word' id='word_1_261' title='bbox 576 3990 645 4052; x_wconf 90' lang='lat' dir='ltr'><strong>loco,</strong></span> <span class='ocrx_word' id='word_1_262' title='bbox 663 3990 799 4050; x_wconf 85' lang='lat' dir='ltr'><strong>Nostrum,</strong></span> <span class='ocrx_word' id='word_1_263' title='bbox 820 3999 944 4059; x_wconf 85' lang='lat' dir='ltr'><strong>utsupra</strong></span> <span class='ocrx_word' id='word_1_264' title='bbox 965 3991 1137 4054; x_wconf 83' lang='lat' dir='ltr'><strong>ostendimus,</strong></span> <span class='ocrx_word' id='word_1_265' title='bbox 1168 3993 1197 4044; x_wconf 88' lang='lat' dir='ltr'><strong>iu</strong></span> 
     </span>
     <span class='ocr_line' id='line_1_36' title="bbox 255 4073 1196 4148; baseline 0.007 -27"><span class='ocrx_word' id='word_1_266' title='bbox 255 4073 451 4143; x_wconf 81' lang='lat' dir='ltr'><strong>antiquissimis</strong></span> <span class='ocrx_word' id='word_1_267' title='bbox 475 4075 550 4126; x_wconf 89' lang='lat' dir='ltr'><strong>libris</strong></span> <span class='ocrx_word' id='word_1_268' title='bbox 577 4084 629 4126; x_wconf 88' lang='lat' dir='ltr'><strong>tam</strong></span> <span class='ocrx_word' id='word_1_269' title='bbox 659 4077 818 4144; x_wconf 78' lang='lat' dir='ltr'><strong>Eriugenam</strong></span> <span class='ocrx_word' id='word_1_270' title='bbox 845 4077 911 4139; x_wconf 85' lang='lat' dir='ltr'><strong>dici,</strong></span> <span class='ocrx_word' id='word_1_271' title='bbox 939 4094 1017 4148; x_wconf 82' lang='lat' dir='ltr'><strong>quam</strong></span> <span class='ocrx_word' id='word_1_272' title='bbox 1049 4078 1196 4147; x_wconf 67' lang='lat' dir='ltr'><strong>Erigonam.</strong></span> 
     </span>
    </p>
   </div>
   <div class='ocr_carea' id='block_1_11' title="bbox 255 4157 922 4236">
    <p class='ocr_par' dir='ltr' id='par_1_12' title="bbox 255 4157 922 4236">
     <span class='ocr_line' id='line_1_37' title="bbox 255 4157 922 4236; baseline 0.015 -25"><span class='ocrx_word' id='word_1_273' title='bbox 255 4157 332 4228; x_wconf 83' lang='lat' dir='ltr'><strong>Quas</strong></span> <span class='ocrx_word' id='word_1_274' title='bbox 351 4179 392 4217; x_wconf 80' lang='lat' dir='ltr'><strong>res</strong></span> <span class='ocrx_word' id='word_1_275' title='bbox 410 4166 514 4216; x_wconf 82' lang='lat' dir='ltr'><strong>maximi</strong></span> <span class='ocrx_word' id='word_1_276' title='bbox 534 4165 656 4236; x_wconf 85' lang='lat' dir='ltr'><strong>profecto</strong></span> <span class='ocrx_word' id='word_1_277' title='bbox 675 4174 717 4218; x_wconf 82' lang='lat' dir='ltr'><strong>est</strong></span> <span class='ocrx_word' id='word_1_278' title='bbox 733 4168 870 4224; x_wconf 85' lang='lat' dir='ltr'><strong>momenti.</strong></span> <span class='ocrx_word' id='word_1_279' title='bbox 888 4197 922 4210; x_wconf 87' lang='lat'><strong>-·</strong></span> 
     </span>
    </p>
   </div>
   <div class='ocr_carea' id='block_1_12' title="bbox 0 0 1515 4950">
    <p class='ocr_par' dir='ltr' id='par_1_13' title="bbox 0 0 1515 4950">
     <span class='ocr_line' id='line_1_38' title="bbox 0 0 1515 4950; baseline 0 0"><span class='ocrx_word' id='word_1_280' title='bbox 0 0 1515 4950; x_wconf 95' lang='lat' dir='ltr'><strong> </strong></span> 
     </span>
    </p>
   </div>
  </div>
 </body>
</html>
