3014 4950
1167 477 1276 543 ab·

169 660 304 724 fortasse
333 654 390 718 bac
418 651 483 720 sola
506 652 544 717 de
573 669 663 716 causa
689 671 793 726 ¹veram
815 651 1030 738 philosophiam
1052 675 1118 722 cum
1141 679 1214 728 vera

168 761 319 841 religione
340 756 467 844 candem
492 755 620 832 iecisse,
642 762 673 818 ut
696 756 895 836 signiticaret,
917 775 969 819 eas
991 759 1069 822 inter
1089 778 1124 824 sc
1143 763 1217 828 nibil

169 875 296 944 prorsus
318 857 457 919 reluctari
488 861 538 917 aut
569 850 754 917 adversari!
776 854 840 928 Qua
875 874 909 918 re
938 859 1017 936 lieri,
1050 867 1083 922 ut
1112 869 1215 941 (quum

168 968 277 1040 neutra
297 959 396 1020 neutri
418 959 621 1028 obtrectaret,
651 955 705 1018 scd
739 956 831 1017 altera
860 975 926 1019 cum
960 959 1053 1020 altera
1083 977 1215 1023 concor-

170 1064 297 1125 dissime
318 1043 407 1139 queat
430 1059 550 1133 vivere)
574 1059 661 1118 etiarn
688 1057 791 1134 altera,
820 1058 995 1140 simulatque
1018 1069 1069 1124 aut
1089 1081 1216 1126 necesse

171 1170 222 1224 aut
244 1159 434 1221 commodum
456 1174 524 1218 esse
546 1157 641 1218 visum
662 1158 709 1234 sit,
730 1159 760 1218 in
781 1157 902 1220 alterius
919 1159 1056 1222 auxilium
1071 1163 1216 1227 advocari

172 1262 277 1342 possit.
300 1292 342 1308 -·

256 1362 352 1440 Atque
373 1375 463 1438 super
484 1359 549 1438 ipso
572 1359 674 1420 Nostri
693 1357 769 1419 libro
792 1358 828 1420 de
849 1361 1123 1439 praedestinatione
1145 1367 1218 1427 satis

176 1463 283 1522 dictum
305 1468 369 1536 est;
392 1459 620 1539 progrediamur
642 1458 680 1518 ad
704 1459 827 1538 reliqua.

262 1563 418 1642 Postquam
441 1562 530 1640 igitur
549 1559 646 1620 editus
670 1567 716 1620 est
736 1561 817 1622 Secti
838 1560 923 1637 liber,
953 1561 1084 1639 Wenilo‚
1115 1565 1219 1625 arabi»-

176 1664 332 1741 episccpus
346 1660 542 1735 senonensis,
560 1677 635 1738 quae
649 1660 703 1738 „ab
720 1659 869 1722 intellectu
881 1679 935 1722 suo
950 1680 983 1722 se
999 1663 1218 1741 quodammodo

175 1763 352 1822 divertentia
376 1767 507 1836 essent,“
528 1762 557 1820 in
579 1777 616 1842 eo
640 1759 844 1838 deprehendit.
868 1761 1059 1842 Undeviginti
1073 1763 1221 1840 haecce·

173 1863 285 1941 pitibus
316 1867 404 1940 (quot
427 1861 513 1921 etiam
529 1844 606 1921 ‘ituri
628 1861 725 1938 capita
747 1877 816 1921 esse
838 1861 981 1936 diximus)
1004 1863 1221 1942 comprehensa

173 1965 257 2024 misit
271 1981 295 2023 s.
310 1962 477 2038 Prudenti0‚
500 1962 642 2042 episcopo
658 1961 838 2040 Tricassino‚
860 1969 1117 2044 ut„quaecunquc
1137 1967 1166 2027 in
1184 1965 1221 2028 iis

175 2081 194 2124 a
219 2079 294 2124 vero
316 2063 510 2123 exorbitantia
533 2063 748 2140 comperisset,
772 2063 932 2141 unicuique
963 2062 1001 2124 de
1018 2063 1101 2126 libris
1125 2083 1221 2126 evan-

175 2162 283 2242 gelicis
305 2169 333 2222 et
352 2162 567 2224 catholicorum
589 2161 743 2224 doctorum
766 2163 992 2224 auctoritatibus
1012 2163 1142 2225 devianti
1167 2183 1223 2226 ca-

175 2262 286 2342 pitulo,
313 2279 448 2342 congrua
479 2261 669 2342 depromeret
696 2262 815 2324 abunde
844 2266 1071 2341 responsa53).“
1119 2263 1221 2342 Neque

174 2362 343 2423 Wenilonis
376 2362 558 2423 voluntatem
591 2361 724 2443 neglexit
759 2361 944 2424 Prudentius,
993 2363 1090 2424 Antea
1123 2369 1221 2424 tamen
1277 2367 1279 2370 ’

173 2465 268 2544 ipsum
291 2466 373 2526 Secti
396 2466 463 2526 libri
486 2482 673 2544 cognoscere
694 2463 796 2526 voluit.
821 2463 944 2526 ld'cum
965 2465 1020 2544 ipsi
1042 2481 1097 2526 usu
1117 2464 1221 2526 venis-

177 2572 231 2644 set,
252 2566 396 2645 peculiari
421 2583 487 2627 eum
512 2566 673 2645 scriptione
698 2565 892 2626 vehementer
913 2565 1157 2644 oppugnamus).

259 2667 325 2740 Qua
343 2667 373 2726 in
394 2684 427 2726 ro
451 2667 627 2728 adiutricem
649 2673 754 2729 nactus
777 2672 822 2728 est
843 2665 1011 2727 Ecclesiam
1035 2663 1218 2746 Lugdunen.

174 2771 302 2842 remit).
345 2765 418 2828 Nam
451 2767 490 2828 ad
510 2767 588 2827 banc
612 2784 730 2846 quoque
751 2773 914 2846 „venerant
935 2766 1088 2845 vaniloqui
1109 2764 1218 2841 (illius)

174 2873 208 2926 et
241 2866 355 2946 garruli
384 2867 511 2928 hominis
541 2868 716 2946 scripta-
742 2873 847 2928 contra
876 2865 963 2927 tidem
997 2883 1034 2928 ac
1062 2868 1218 2928 veritatem

176 2967 233 3028 Dei
255 2966 343 3045 plena
368 2967 517 3028 mendacii
540 2973 570 3028 et
592 2966 734 3046 erroris,“
756 2984 832 3045 quae
855 2965 952 3028 doctis
974 2965 1092 3044 quidem
1116 2966 1217 3028 homi-

174 3065 263 3126 nibus
284 3066 356 3127 risui
376 3072 488 3143 essent,
509 3066 546 3128 ab
567 3065 695 3131 indoctis
718 3073 827 3141 autem,
848 3067 956 3146 quique
973 3065 1050 3126 illum
1067 3062 1215 3129 hominem

178 3165 280 3245 „quasi
301 3165 446 3228 eruditum
477 3167 665 3228 admirationi
696 3167 873 3244 haberent‚“
904 3183 967 3228 non
996 3169 1062 3228 sinc
1089 3185 1215 3246 summo,

214 3417 259 3484 53)
280 3417 314 3468 cf.
335 3437 354 3470 r.
377 3415 453 3470 Prud.
474 3418 508 3470 de
528 3416 619 3470 Praerl.
641 3416 699 3468 adv.
722 3418 794 3482 Scovt.
814 3415 898 3486 prael.
927 3445 959 3458 «-
986 3415 1056 3467 Man.
1077 3412 1143 3468 bibl.
1163 3431 1213 3486 pa-

184 3501 187 3508 ’
275 3514 344 3556 trum
364 3506 447 3574 Lugd.
466 3515 530 3557 torn.
550 3505 597 3556 XV
615 3524 640 3574 p.
658 3503 709 3556 467
730 3503 759 3554 F.

212 3591 258 3658 54)
280 3594 313 3647 cf.
331 3602 388 3644 not.
410 3611 485 3662 prox.
506 3595 681 3663 superiorem.

211 3677 258 3747 55)
281 3679 315 3729 cf.
336 3679 435 3730 Eccles.
453 3681 537 3747 Lngd.
557 3681 603 3731 lib.
625 3679 683 3729 adv.
704 3679 776 3730 Scoti
795 3691 918 3729 erroneas
938 3673 1119 3726 definitiones·
1139 3670 1210 3725 Mar.

274 3767 342 3818 bibl.
362 3773 475 3834 patrum.
495 3769 541 3816 l.l.
559 3757 590 3836 ¹p.
609 3766 659 3818 ort
679 3783 755 3836 seqq.
773 3792 808 3807 -ω-
829 3765 896 3834 Quia
921 3763 992 3814 hunc
1015 3759 1114 3812 librum
1138 3774 1212 3812 com·

274 3854 403 3922 posuerit,
424 3856 553 3904 incertum
573 3862 620 3904 est.
642 3853 734 3913 ·Sunt‚
752 3853 799 3922 qui
819 3852 936 3913 Florum,
961 3844 1146 3916 Lugdunensis
1165 3859 1210 3898 ee·

276 3941 373 3991 clasiae
395 3939 536 3990 diaconum
556 3937 612 3990 elus
631 3951 765 3991 auctorem
778 3939 877 3998 dicant,
896 3945 1069 3996 contectura,
1090 3935 1136 4004 qul
1151 3945 1212 3984 eum

277 4045 298 4077 a.
317 4026 446 4093 liamigio,
464 4023 579 4095 archiep.
599 4026 682 4093 Lugd.
702 4034 750 4077 aut
766 4022 881 4085 Ebbcnl,
908 4021 989 4094 episc·
1010 4015 1213 4090 Gratianopoli-

166 4127 169 4131 ·
275 4119 356 4174 tarro,
386 4111 547 4172 eriseribant.
583 4113 622 4165 Cf.
650 4108 751 4167 Ladon.
780 4109 876 4164 Callet·
905 4111 930 4163 S·
960 4109 981 4164 1.
999 4106 1061 4161 hin.
1084 4101 1210 4161 Galliaco·

280 4213 306 4268 p.
330 4193 379 4252 140
397 4199 453 4271 r'eq·
474 4225 505 4246 .-
