3014 4950
304 473 344 538 52

305 672 390 717 suum
410 653 468 730 „de
491 667 619 732 corpore
643 657 672 711 et
704 653 852 733 sanguine
882 652 992 714 domini
1002 657 1028 728 ‚“
1052 653 1242 716 iamdudum
1270 655 1344 716 iilud

304 755 422 836 quidem
447 759 515 814 ante
535 752 747 831 compositum,
782 752 836 812 sed
869 759 939 814 tuno
968 771 1035 816 eum
1064 757 1191 814 maxime
1211 754 1344 835 pluribus

302 856 378 918 loeis
400 851 598 925 emendatum,
629 850 737 913 Caroio
761 852 857 925 calvo,
886 854 998 933 quippe.
1014 855 1062 934 qui
1085 855 1178 934 ipsum
1199 855 1344 935 petiisset,

305 956 386 1017 dono
407 953 549 1026 misire).
593 952 774 1032 Quamquam
798 960 894 1013 autem
917 961 995 1015 totus
1019 962 1065 1016 est
1088 955 1118 1015 in
1144 971 1198 1031 eo,
1234 962 1266 1016 ut
1289 972 1343 1014 oa-

303 1055 480 1131 tholioorum
502 1053 611 1131 dogma
633 1050 671 1112 de
696 1052 1025 1114 transsubstantiatione
1045 1056 1117 1128 (etsi
1142 1053 1200 1114 hoo
1222 1056 1343 1115 nornine

302 1156 344 1217 uti
367 1153 496 1215 nondum
517 1154 627 1233 potuit)
650 1155 831 1234 argumentis
853 1160 912 1215 turn
935 1171 973 1214 ex
995 1172 1019 1220 s.
1041 1143 1187 1234 scriptura
1217 1161 1276 1216 torn
1305 1174 1344 1218 ex
1404 1219 1410 1230 ,

302 1271 343 1316 ss.
381 1260 493 1332 patrum
528 1253 667 1332 operibus
714 1241 837 1331 prolatis
873 1251 1015 1314 defendat
1045 1260 1134 1334 atque
1170 1254 1343 1316 confirmet:

303 1362 420 1432 tamen,
454 1370 541 1433 quum
575 1369 653 1415 nova
682 1346 828 1432 quaedam
852 1359 940 1433 atque
963 1353 1000 1414 ad
1023 1353 1192 1434 id'tempos
1212 1355 1344 1418 inaudita

303 1455 469 1534 aspersisse
491 1451 642 1514 videretur
663 1453 820 1527 nonnullis,
840 1471 917 1532 quae
939 1454 1046 1516 alicubi
1068 1453 1264 1516 offensionem
1287 1474 1344 1536 pa-

300 1561 413 1632 rerent,
436 1555 465 1614 io
485 1553 544 1614 hoo
559 1553 630 1616 ¹eius
653 1552 729 1615 libro
751 1561 954 1615 occurrerunt.
985 1554 1074 1616 Cuius
1095 1558 1217 1636 generis
1238 1573 1344 1617 exem·
1417 1541 1419 1546 ¹

301 1653 402 1736 plaid)
431 1659 499 1714 suot
527 1651 620 1714 haee:
655 1663 714 1730 „(s.
738 1653 941 1730 Eucharistia)
966 1671 1025 1715 non
1047 1656 1103 1736 aiio¹
1126 1655 1213 1735 plane
1236 1665 1342 1733 (caro)

304 1761 360 1831 est,
380 1771 465 1836 quam
489 1769 565 1833 quae
587 1757 656 1814 nata
678 1759 724 1814 est
743 1753 781 1814 de
801 1754 910 1830 Maria,
932 1761 961 1814 et
989 1771 1079 1834 passa
1111 1756 1140 1816 in
1174 1773 1280 1831 cruce,
1312 1763 1344 1818 et

301 1857 464 1918 resurrexit
485 1855 522 1914 de
544 1853 765 1944 saputeroiits
788 1895 828 1906 -
860 1854 955 1932 „Vera
988 1856 1088 1936 utique
1121 1874 1192 1917 caro
1223 1855 1343 1932 Christi,

162 1991 169 2014 1
265 2021 269 2025 ,
303 1973 380 2036 quae
405 1955 544 2015 crucifixa
565 1961 611 2014 est
633 1959 663 2014 et
684 1953 810 2033 sepulta,
829 1969 931 2016 verum
952 1955 1029 2017 iliius
1050 1958 1150 2018 carnis
1167 1974 1342 2018 sacramen.

302 2061 374 2118 tum.
397 2052 475 2134 quod
507 2070 561 2131 per
592 2052 781 2120 sacerdotem
813 2071 902 2133 super
938 2055 1031 2117 attare
1057 2058 1087 2116 in
1116 2056 1343 2119 verbochristi
1382 2069 1388 2075 ·
1500 2069 1501 2088 ¹

287 2169 358 2236 'per
379 2154 517 2233 Spiritum
540 2169 563 2214 s.
586 2153 727 2215 divinitus
750 2156 1026 2231 consecratur⁰⁷Jss
1050 2194 1090 2205 -

385 2253 486 2342 itaque
505 2252 630 2314 Carolus
650 2253 770 2330 calvus,
804 2256 852 2317 eui
884 2257 1009 2318 forsitan
1045 2263 1075 2317 et
1105 2256 1161 2336 ipsi
1191 2271 1241 2316 res
1273 2252 1344 2318 iliae

302 2355 398 2417 rninus
419 2353 625 2433 probarentur,
645 2351 834 2417 Retramoum
856 2341 1121 2430 Carteiensemu)
1150 2361 1180 2418 et
1200 2356 1344 2418 loannem

311 2507 596 2528 W

407 2600 508 2660 portem
529 2590 683 2652 dimidiam,
714 2599 795 2660 atque
820 2588 854 2639 ab
882 2589 1036 2641 eruditione
1056 2607 1086 2640 ae
1103 2589 1239 2651 doctrina,
1271 2606 1343 2658 quae

300 2668 303 2672 ’
404 2677 511 2727 illorum
531 2684 681 2745 temporum
708 2669 748 2726 est
773 2675 856 2738 ratio,
886 2675 1029 2726 admodum
1053 2678 1197 2728 instructus
1226 2677 1286 2727 fuit.
1307 2705 1340 2717 -

404 2764 444 2814 Ct.
465 2763 528 2814 hist.
548 2764 630 2814 litter.
648 2757 681 2812 ‹le
701 2763 726 2812 la
745 2759 846 2814 Franco
865 2771 928 2814 torn.
948 2763 978 2814 V.
1017 2781 1043 2833 p.
1069 2763 1120 2816 287
1151 2779 1206 2832 seq.
1239 2763 1339 2833 quique

403 2859 440 2900 eo'
455 2851 513 2900 ioco
535 2834 798 2904 citantur-'auctores-

323 2920 384 2998 ⁸tid)
403 2937 436 2986 ci.
456 2938 569 2987 Morten.
590 2945 617 2988 et
636 2937 754 2987 Durand.
773 2945 825 2986 rat.
849 2937 939 3005 script.
957 2944 985 2988 et
1004 2945 1169 2990 monument.
1180 2936 1341 3005 amplissima

403 3024 509 3074 collect.
530 3032 594 3074 torn.
613 3025 658 3088 IX,
677 3025 728 3075 eol·
749 3022 801 3075 374
822 3024 839 3073 Α
859 3041 931 3094 seq.,
953 3041 1007 3093 quo
1034 3024 1093 3075 loco
1120 3025 1205 3093 ipsum
1231 3039 1343 3094 quoquo

406 3110 536 3162 Parrhasii
564 3126 631 3178 opus
650 3129 708 3162 cum
728 3111 939 3163 praefationibus
960 3111 993 3162 ad
1011 3111 1134 3162 Carolum
1153 3113 1224 3185 typis
1241 3111 1343 3164 deacri-

406 3204 480 3265 ptum
500 3204 548 3247 est.
569 3226 601 3236 -

340 3281 387 3352 65)
408 3283 443 3335 cs.
471 3283 514 3333 Dr.
540 3285 559 3335 Ι.
581 3284 599 3333 1.
619 3285 721 3344 ditior,
751 3283 901 3335 Handbueh
934 3282 982 3335 der
1007 3284 1289 3354 Kirchengeschiclrte,
1309 3314 1345 3326 —

406 3370 472 3422 edit.
488 3372 512 3421 ii
533 3371 584 3421 roi.
606 3372 629 3421 11
648 3389 673 3440 p.
696 3370 841 3423 rsa-tot.

342 3457 390 3523 66)
410 3458 445 3508 cs.
465 3458 584 3510 Paschae.
604 3475 661 3528 cap.
681 3460 692 3508 1
713 3459 796 3528 (apud
814 3459 891 3511 Mart.
910 3468 937 3511 et
953 3461 1017 3510 Dur.
1036 3459 1086 3508 Le.
1099 3457 1345 3528 coi.383dseqq.).
1381 3444 1393 3458 '

278 3614 281 3622 Ι
342 3544 389 3610 67)
408 3545 443 3602 oi.
460 3545 581 3596 Paschas.
595 3564 652 3616 cap.
664 3547 698 3598 lv
715 3547 799 3618 (apud
809 3548 888 3600 Mart.
900 3556 927 3598 et
938 3547 1001 3597 Dur.
1013 3548 1030 3596 i.
1041 3563 1063 3596 c.
1076 3544 1126 3596 391
1139 3545 1159 3595 D
1170 3546 1267 3615 aeqq.).

340 3630 388 3701 68)
410 3632 444 3683 ei.
472 3634 605 3683 Ratromn.
628 3634 661 3684 de
682 3651 754 3702 corp.
776 3643 802 3685 et
822 3651 894 3702 sang.
923 3636 999 3684 Dom.
1024 3662 1057 3675 -
1084 3633 1167 3701 praef.
1196 3632 1229 3682 ad
1256 3631 1367 3698 carol..

408 3720 473 3770 cala.
493 3752 527 3762 -
546 3721 640 3772 Editus
670 3729 711 3772 est
735 3720 779 3772 hic
805 3721 875 3771 liber
904 3721 931 3771 in
957 3720 1091 3771 Gallicum
1111 3735 1257 3770 sermonem
1280 3734 1348 3768 eon-

407 3823 498 3858 versus
518 3825 531 3857 a
553 3808 641 3860 iacob.
664 3809 782 3862 Boiioao.
803 3810 906 3859 Parisiis
925 3825 948 3857 a.
969 3807 1117 3860 MDCCXH
1140 3807 1223 3860 temo:
1244 3805 1348 3856 latinus

386 3893 625 3964 'prodiit'Coiorn
646 3914 669 3946 a.
689 3895 838 3948 Moxxxu
858 3904 885 3947 et
903 3895 1026 3965 saepius,
1055 3903 1212 3946 nontamen
1237 3902 1268 3944 ut
1293 3893 1350 3942 ita·

291 4045 296 4051 .
407 3982 503 4034 dramni
520 3981 599 4046 liber,
617 3981 664 4034 sed
683 3992 713 4036 ut
732 3985 868 4034 Bertrenri.
898 3983 997 4035 Verum
1013 3983 1055 4034 hir
1070 3981 1174 4032 duobus
1193 3980 1349 4032 nominibus

410 4087 492 4122 unum
513 4070 682 4141 eundemque
702 4071 835 4124 hominem
856 4073 999 4141 significari
1018 4071 1099 4123 docet
1119 4069 1262 4123 Mabiiion.
1288 4071 1349 4121 dot.

409 4156 509 4209 dened-
530 4171 598 4210 saec.
618 4159 663 4222 tv,
680 4161 785 4228 parali
805 4189 839 4202 -
855 4160 941 4229 praei.
957 4178 984 4212 n.
1004 4158 1049 4212 81.
1067 4187 1099 4200 -
