3014 4950
201 773 255 842 De
279 771 350 843 vita
378 781 414 838 et
436 767 638 864 praeceptis
659 767 803 838 loannis
827 768 925 840 Scoti
951 771 1134 868 Erigonae,

557 933 652 983 Pars
669 935 777 997 prior.

595 1087 742 1102 m

595 1220 695 1300 Caput
717 1220 743 1284 l.

228 1375 284 1440 Ubi
308 1383 339 1438 ct
360 1373 481 1456 quaudo
503 1380 593 1438 natus
613 1375 653 1438 sit
675 1378 805 1440 loannes
829 1375 939 1440 Scotus
960 1376 1107 1476 Erigone

238 1555 384 1628 Quoniam
406 1553 529 1634 primum
551 1553 588 1614 de
611 1551 634 1614 1.
645 1553 726 1616 Secti
747 1554 897 1635 Erigonae
916 1555 1012 1634 patria
1035 1555 1193 1618 dicendum

157 1671 226 1716 esse
246 1655 341 1716 visum
364 1653 429 1730 luit,
455 1670 553 1716 rerum
578 1660 717 1716 auctores
741 1673 843 1734 parurn
868 1657 941 1718 certi
964 1657 1002 1718 de
1024 1674 1061 1717 ea
1085 1655 1194 1718 afferre

155 1755 272 1832 solent,
304 1755 411 1834 quippe
441 1755 490 1834 qui
522 1755 553 1814 in
586 1753 722 1816 diversas
742 1762 842 1834 partes
865 1756 983 1821 abeant.
1025 1757 1108 1834 Sunt,
1144 1757 1195 1838 qui

158 1873 224 1916 curn
247 1856 277 1916 iu
299 1853 439 1916 Hibernia
461 1859 561 1916 natum
583 1871 652 1916 esse
674 1849 789 1934 dicant,
824 1862 892 1918 sunt
920 1856 1023 1933 etiam,
1061 1859 1110 1936 qui
1130 1857 1197 1918 An-

157 1955 248 2034 gliam
271 1955 336 2016 eius
356 1955 479 2034 patriam
502 1954 595 2034 luisse
618 1955 780 2030 affirment,
813 1973 871 2018 neo
893 1954 1014 2033 desunt,
1047 1957 1097 2038 qui
1118 1955 1195 2018 adeo

158 2057 196 2116 dc
220 2055 268 2116 illa
295 2062 381 2132 terra,
404 2073 490 2136 quarn
511 2073 589 2116 nuno
612 2056 741 2119 scotiam
766 2057 956 2136 appellamus,
991 2059 1126 2137 cogitare
1150 2057 1200 2117 vix

160 2154 301 2216 dubitent.
337 2153 423 2228 Quod
445 2157 476 2216 in
497 2161 577 2216 tanta
599 2156 770 2236 opinionum
790 2159 935 2218 varietate
957 2163 1058 2220 nostra
1081 2157 1199 2234 quidem

160 2255 305 2316 sententia
319 2256 476 2316 maximum
492 2257 624 2318 veritatis
640 2259 771 2335 speeiem
785 2257 932 2336 praebere
948 2256 1094 2331 videatur,
1116 2257 1200 2335 ipsos

159 2356 380 2434 antiquissimos
401 2343 563 2436 scriptores
586 2360 692 2436 secuti,
716 2365 803 2438 atque
819 2365 976 2438 praeterea
991 2356 1121 2419 Thomas
1138 2355 1201 2418 Ga-

158 2453 209 2530 lei,
247 2454 440 2533 Oxoniensis,
471 2441 683 2534 coniectural)
718 2457 872 2539 plurimum
894 2457 996 2536 adiuti,
1028 2459 1200 2536 proponere

159 2555 347 2616 conabimur.

245 2653 330 2726 Quod
353 2655 443 2734 igitur
463 2655 531 2716 olim
553 2666 637 2716 more
657 2657 710 2718 luit
732 2661 896 2736 receptum,
924 2661 957 2716 ut
983 2655 1121 2716 homiues
1146 2670 1201 2714 co-

161 2770 292 2834 gnomen
306 2752 451 2814 babcrent
466 2772 482 2814 a
497 2755 592 2833 patria
614 2755 741 2832 ductum,
761 2755 791 2816 id
812 2757 905 2836 ipsum
927 2755 1016 2816 etiam
1038 2755 1069 2814 in
1091 2753 1201 2816 Nostro

160 2869 217 2914 usu
238 2854 328 2914 venit.
371 2853 443 2914 Nam
465 2853 583 2916 solitum
604 2856 668 2918 eius
689 2873 817 2933 nomen,
849 2854 978 2917 loannes
1000 2853 1109 2916 Scotus
1130 2851 1202 2914 Eri-

161 2971 240 3034 gena
260 2954 341 3028 [sive
363 2953 530 3034 EriugenaJ
562 2955 667 3036 procul
697 2957 787 3019 dubio
819 2954 879 3016 duo
904 2954 943 3016 ad
963 2955 1087 3034 patriam
1110 2953 1202 3033 ipsius

163 3051 388 3136 significandam
411 3053 611 3118 additamenta
634 3055 731 3118 babet.
775 3059 820 3118 De
849 3056 948 3135 priore
969 3055 1093 3134 primunr
1113 3053 1203 3114 vide-

165 3154 270 3214 bimus.
315 3154 433 3217 Scotum
457 3173 523 3216 eurn
547 3155 656 3218 dictum
676 3155 860 3238 essequod
883 3157 990 3219 Scotus
1013 3156 1032 3216 i.
1056 3173 1082 3216 e.
1125 3155 1205 3217 Sco-

166 3258 260 3316 torum
280 3255 379 3334 gentis
401 3255 497 3336 luerit,
518 3265 630 3321 certum
651 3265 706 3334 est,
728 3277 794 3319 cum
816 3263 956 3318 auctores
978 3255 1042 3317 eius
1064 3251 1204 3332 aequales

167 3353 314 3432 iidemque
335 3355 504 3434 gravissimi
533 3359 644 3436 passim
677 3364 838 3434 testentur,
875 3373 943 3418 cum
976 3353 1097 3416 notione
1125 3353 1204 3416 Sco-

167 3458 229 3514 tum
250 3452 349 3520 luisse.

248 3552 387 3616 Nicotaus
419 3555 536 3636 quidem
569 3557 590 3619 l.
626 3563 706 3638 pont.
739 3573 816 3618 max.
852 3556 880 3615 in
914 3551 1039 3632 epistola
1072 3552 1110 3613 de
1139 3549 1203 3612 No-

167 3659 231 3716 stro
276 3654 314 3716 ad
357 3655 494 3720 corolum
538 3658 659 3722 Calvum
704 3657 825 3720 scribit:
872 3653 1048 3732 „loannes,
1090 3666 1205 3732 genere

168 3825 443 3834 -—-—-———-—-—

223 3917 250 3984 1)
274 3917 309 3968 el.
328 3918 436 3969 loannis
455 3917 526 3968 scon
545 3917 673 3984 Erigenae
697 3917 730 3969 de
750 3917 803 3968 div.
822 3917 883 3970 Nat.
903 3917 966 3968 libri
988 3915 1010 3966 V
1029 3915 1074 3966 diu
1097 3912 1206 3964 deside·

277 4006 334 4055 rati.
371 4005 480 4057 Accedit
510 4004 644 4072 appendix
673 4022 706 4056 ex
732 4005 863 4072 anibiguis
893 4005 918 4062 S.
939 4005 1046 4055 Maximi
1068 4018 1160 4070 graece
1179 4007 1206 4050 et

273 4091 366 4144 latino.
404 4092 512 4144 Oronii.
533 4092 722 4144 thCLllxiil.
735 4121 775 4145 ,-·
803 4093 915 4146 'l'estinn
936 4099 1055 4144 veterum
1074 4088 1107 4139 de
1127 4090 1147 4137 l.
1167 4087 1206 4136 Sc.

274 4178 312 4237 E,
335 4197 360 4247 p.
380 4179 396 4229 9
414 4197 460 4248 seq
531 4229 533 4234 Α
