3010 4946
1153 487 1196 554 ab

163 659 331 738 deriuatio,
353 663 385 722 el
414 659 453 722 ab
474 675 530 734 ea',
562 671 639 740 quae
669 658 792 740 primum
814 658 905 722 habet
927 677 1013 737 esso,
1035 664 1198 742 secundae,

157 767 190 825 ut
211 763 259 838 sit,
279 759 477 822 distributio.“
506 759 571 838 (ΙΙΙ,
591 761 639 838 3.)
663 795 702 810 -
725 759 859 840 „Causae
878 762 1096 842 primordiales,
1118 767 1200 830 inter

157 879 231 944 quas
252 867 283 923 et
312 877 412 922 rerum
446 859 575 924 o'mnium
597 874 718 922 causam
748 860 827 922 nulla
863 868 999 925 creatura
1021 865 1195 944 interposita

156 968 214 1040 est,
250 960 421 1022 immediate
451 976 540 1022 unam
572 960 650 1021 illam
682 961 812 1020 omnium
847 977 967 1022 causam
1001 965 1194 1044 participant3

157 1063 241 1142 ipsae
263 1078 281 1122 a
302 1060 428 1140 reliquis
449 1076 549 1122 rerum
566 1060 730 1137 ordinibus,
752 1065 839 1139 prout
862 1059 966 1122 barum
986 1079 1098 1125 causae
1118 1071 1196 1142 sunl,

156 1162 376 1242 participantur.
420 1160 493 1222 Nam
517 1175 711 1240 quascunque
736 1159 814 1220 bona
835 1167 921 1236 sunt,
942 1168 1010 1223 sunt
1032 1164 1198 1244 participa-

156 1264 256 1324 tiones
287 1278 341 1341 per
373 1277 407 1322 se
435 1261 530 1339 ipsam
550 1251 709 1335 bonilatis;
741 1277 936 1340 quaecunque
957 1264 1117 1326 essentiam
1139 1265 1200 1327 ba-

156 1361 239 1438 bent,
263 1365 331 1421 sunt
351 1348 595 1440 participationes
614 1376 669 1439 per
686 1377 720 1421 se
741 1362 835 1440 ipsam
858 1363 1008 1423 essentiae
1016 1383 1025 1438 3
1043 1379 1198 1440 quaecun.

155 1477 213 1542 que
236 1461 348 1536 vivunt,
367 1465 436 1521 sunt
454 1461 699 1539 participationes
715 1477 770 1540 per
791 1461 931 1542 seipsam
950 1463 1196 1546 vitasti—atque

158 1562 199 1623 ila
231 1576 324 1640 porro
357 1560 396 1620 dc
427 1560 557 1620 caeteris
587 1560 741 1639 principiis
772 1560 828 1638 (cl.
857 1571 884 1639 §.
918 1562 987 1639 94.)
1007 1562 1114 1624 eodem
1129 1580 1199 1625 rno-

159 1660 196 1722 do
217 1659 405 1740 inlelligere,
428 1675 489 1721 non
511 1659 638 1720 alienum
663 1666 708 1720 est
740 1677 758 1721 a
790 1661 925 1724 veritate.
944 1697 987 1712 -
1008 1661 1074 1742 (ΙΙΙ,
1097 1661 1197 1742 3-4;

156 1760 191 1841 ΙΙ,
211 1763 271 1839 36;
293 1761 343 1841 ΙΙΙ,
368 1764 412 1839 l.)

628 1865 658 1936 s.
680 1859 731 1924 ab.

238 1976 515 2058 „Quemadmodum
537 1981 635 2037 autern
658 1991 770 2038 causae
792 1972 1001 2055 primordiales
1021 1973 1085 2037 sola
1106 1973 1196 2037 unius

158 2079 289 2140 omniunt
309 2095 408 2140 rerum
430 2092 551 2154 causae,
571 2093 610 2138 ex
629 2093 685 2156 qua
708 2075 866 2152 fluxerunt,
888 2075 1114 2155 participatione
1127 2082 1197 2139 sunl
1302 2113 1305 2125 ·

157 2185 245 2258 atquc
266 2177 438 2256 subsistunt,
459 2181 500 2240 ita
522 2193 627 2238 omnes
648 2181 716 2256 post
739 2191 791 2236 eas
812 2192 911 2236 rerum
933 2174 1065 2252 ordines,
1087 2177 1135 2255 qui
1157 2193 1197 2237 ex

156 2277 214 2341 illis
238 2285 439 2355 manaverunt,
460 2277 524 2340 sola
546 2277 660 2339 illarum
676 2276 903 2357 participatione
923 2281 992 2337 sunt
1013 2275 1195 2357 atque'sab.

154 2377 289 2441 sistuni.“
330 2378 383 2456 (ΙΙ,
407 2377 467 2455 36;
489 2377 538 2456 ΙΙΙ,
564 2378 592 2455 1,
613 2375 707 2453 8-9,
730 2376 822 2452 3-4,
847 2375 913 2451 ab.)
938 2412 977 2426 -

236 2477 329 2542 llisce
364 2477 441 2540 locis
472 2491 617 2558 expresso
645 2477 758 2538 dixeris
792 2476 917 2552 doceri,
945 2477 1026 2556 ipsas
1061 2477 1192 2539 onmium

152 2593 271 2656 rerum,
306 2579 413 2659 quibus
442 2577 502 2640 boc
520 2577 691 2640 universum
713 2575 849 2652 allicitur,
870 2575 1051 2638 substantias
1073 2577 1111 2638 de
1132 2579 1194 2657 pri.-

91 2754 93 2758 .
152 2677 344 2741 mordialium
379 2695 535 2740 causarum
566 2674 661 2754 sede,
691 2691 767 2756 quae
800 2680 846 2738 est
865 2675 896 2738 iu
917 2675 977 2738 lilio
996 2675 1055 2753 dei,
1076 2677 1106 2738 in
1132 2676 1193 2739 troc

152 2779 336 2857 uuiversum,
357 2783 471 2839 retenta
485 2774 688 2838 tantummodo
709 2773 794 2838 simul
815 2774 865 2838 illa
886 2774 971 2853 sede,
984 2774 1193 2842 descendisse=

153 2877 233 2957 quod
256 2877 322 2940 aliis
350 2878 427 2942 locis
459 2876 631 2956 expressius
657 2876 745 2937 etiam
774 2873 900 2946 docetur
927 2873 975 2953 (ci.
1008 2873 1057 2952 ΙΙΙ,
1078 2871 1112 2952 ll,
1131 2877 1191 2952 95;

151 2975 203 3039 ini.
228 2987 255 3054 o.
280 2976 358 3054 38.).
412 2977 452 3038 At
481 2977 560 3037 libro
595 2975 698 3054 quinto
721 2972 890 3058 (capylllV
910 2981 991 3054 seq.)
1012 2972 1088 3036 baec
1110 2973 1207 3054 lagi-'

150 3095 236 3139 mus:
260 3076 314 3156 „Ur
336 3078 419 3156 ipsae
461 3093 571 3138 causae
591 3074 798 3156 primordiales
819 3089 879 3137 non
902 3073 1044 3136 deserunt
1064 3077 1189 3153 sapien-

150 3178 220 3238 tiam
245 3178 281 3252 (i.
315 3192 343 3237 c.
375 3175 504 3237 Verbum
528 3175 599 3255 dei),
637 3176 682 3238 sic
706 3176 788 3254 ipsae
806 3174 989 3236 substantiae
1009 3189 1071 3236 non
1094 3174 1187 3236 desc-

150 3282 219 3337 runt
239 3291 358 3354 causas,
380 3275 434 3338 sed
454 3277 486 3336 in
507 3275 552 3337 ais
573 3291 692 3355 semper
711 3274 890 3337 subsistunt:
918 3281 950 3336 ut
970 3291 1080 3336 causae
1101 3281 1188 3338 extra

150 3375 344 3438 substantiam
366 3377 503 3438 nesciunt
524 3393 604 3453 esso,
626 3377 672 3438 sic
693 3375 877 3440 substantiae
899 3381 983 3438 extra
999 3391 1106 3438 causas
1126 3392 1189 3436 non

149 3481 275 3556 possunt
296 3476 398 3541 lluere.
436 3477 543 3538 ‹Reslat
562 3477 672 3555 itaque,
696 3475 734 3536 de
754 3473 940 3554 qualitatibus
958 3475 1190 3538 substantiarum

152 3573 328 3654 (qualitates
364 3583 463 3638 autern
483 3575 571 3652 diuo,
588 3578 666 3637 sicut
686 3575 784 3638 solent
801 3575 952 3656 sapientes
976 3576 1085 3652 omnia,
1107 3593 1186 3656 quaa

149 3675 323 3738 substantiis
352 3676 510 3752 accidunt,
540 3675 707 3756 appellare,
747 3675 816 3754 quia
847 3675 1001 3738 mutabiles
1029 3680 1122 3754 suut,
1156 3679 1188 3738 et

150 3775 232 3837 circa
253 3774 434 3838 substantias
454 3791 525 3838 suas
545 3776 718 3852 volvuntur)
742 3775 822 3838 bunc
841 3775 982 3840 mundum
1009 3774 1187 3840 fabricatum
1299 3821 1305 3832 .

151 3881 397 3954 compactumque
427 3873 532 3935 luisse.
565 3909 606 3921 -
623 3873 687 3936 Nau
722 3875 767 3936 sic
796 3880 894 3936 tamen
916 3874 1086 3966 praedictas
1110 3875 1186 3936 sub-

141 3973 293 4051 stantias,
323 3973 552 4037 substantiarum
584 3971 739 4054 qualitates
764 3990 834 4036 suas
873 3975 1073 4050 substantias,
1102 3975 1184 4036 circa

149 4087 225 4150 quas
244 4072 411 4153 volvuntur,
434 4073 556 4135 omnino
576 4072 730 4150 deserere,
753 4079 783 4134 et
803 4072 833 4133 in
853 4075 1009 4136 materiem
1031 4073 1185 4136 sensibilis

148 4168 250 4234 mundi
271 4174 434 4238 convenire
447 4171 624 4238 arbitramur
631 4171 723 4252 asad
732 4172 862 4236 udrabili
873 4181 909 4236 et
917 4174 1060 4238 ineffabili
1078 4176 1186 4254 ruodo,
