2958 4952
325 485 367 551 84

329 671 433 749 dieas,
456 667 527 729 ideo
560 665 693 747 spiritum
724 670 858 726 sanctum
881 665 919 726 tle
942 672 1024 746 patre
1045 666 1164 747 titioque
1183 669 1365 750 procedere,

326 770 406 850 quod
427 788 482 849 per
510 768 599 830 lilium
630 768 667 828 de
688 772 772 846 patre
799 766 960 844 procedat,
991 767 1019 826 in
1042 766 1101 828 hoc
1129 771 1180 828 vix
1182 769 1364 856 quidquam

326 889 413 943 esse,
449 887 516 932 oum
538 868 614 929 filius
635 873 665 928 et
696 867 760 946 ipse
783 884 903 930 causum
932 885 1016 928 suam
1037 867 1289 947 habeatpatrem.
1315 871 1365 948 (ll,

327 973 385 1046 19;
408 970 442 1046 ΙΙ,
464 969 541 1030 39-
547 969 614 1052 35.)
667 967 769 1046 Neque
792 973 890 1028 tamen
914 986 1056 1030 recusare
1078 970 1166 1029 audet
1175 971 1367 1052 ,quominus

326 1071 446 1145 credat,
469 1068 600 1148 spiritum
635 1053 672 1126 de
694 1073 778 1146 patro
800 1067 919 1148 tritoque
943 1067 1127 1148 procedere:
1151 1088 1217 1130 nam
1241 1079 1368 1148 sanctos

325 1177 426 1250 patres
450 1169 573 1232 Latinos
597 1167 868 1244 „rationabiliterffi
897 1169 923 1228 si
955 1168 1021 1247 quis
1043 1187 1097 1230 eos
1119 1169 1176 1231 hae
1199 1169 1237 1231 de
1260 1189 1293 1232 re
1315 1153 1368 1234 tn'-

327 1276 521 1352 terrogasset‚
542 1267 598 1328 sibi
628 1274 861 1347 „responsurosi
891 1267 996 1347 videri,
1019 1276 1048 1330 et
1069 1287 1176 1332 sacrae
1197 1271 1370 1354 scripturae

326 1373 454 1443 lorsitaa
477 1357 653 1436 auctoritate
675 1386 765 1450 posse
790 1369 920 1431 delendi.
946 1369 998 1452 (ll,
1019 1369 1086 1448 33.)

792 1485 895 1560 5..13

394 1604 503 1682 ·,‚Num
532 1603 638 1668 decem
671 1602 856 1683 categoriae
877 1621 950 1664 vere
972 1622 1008 1664 ac
1037 1605 1219 1684 proprieale
1241 1607 1366 1668 numine

326 1705 428 1767 divino
450 1705 565 1784 possint
584 1701 765 1784 praedicari,
790 1702 909 1766 difficile
931 1711 976 1766 est
998 1697 1088 1766 dictu.
1139 1705 1192 1770 Est
1213 1713 1313 1772 autem
1335 1709 1368 1768 ia

320 1805 382 1866 ltuo
406 1805 676 1884 quaesllooe=usttl
711 1802 861 1882 theologia
891 1800 1069 1887 oinopouxq'
1103 1813 1133 1867 et
1154 1809 1369 1892 καταφατικὴ,

325 1924 449 1986 quarum
472 1905 520 1967 ilia
543 1911 644 1984 negat,
668 1902 894 1972 haecallirmat
916 1941 957 1952 -
980 1922 1048 1966 esse
1071 1905 1199 1971 divinam
1223 1910 1369 1984 substau-

326 2011 397 2068 tiam
417 2006 476 2068 hoc
497 2004 545 2064 vel
568 2003 638 2068 illud
662 2020 776 2082 eorum,
800 2020 878 2082 quae
896 2011 984 2083 suot,
1003 2005 1083 2068 velut
1105 2009 1286 2087 essentiam„
1306 2009 1369 2072 bo-

328 2109 471 2184 nitatem,
493 2106 607 2182 solem,
628 2103 759 2182 stellam,
782 2121 908 2183 aquam,
932 2105 1068 2182 leonem,
1089 2122 1189 2168 ursum
1212 2113 1270 2170 etc.
1310 2109 1368 2170 Vi.

329 2209 436 2268 dentur
466 2207 543 2268 haeo
565 2223 634 2268 esse
655 2205 734 2266 inter
757 2221 791 2266 sc
812 2207 980 2283 contraria,
1002 2205 1074 2281 sedp
1093 2224 1159 2268 cum
1182 2208 1262 2270 circa
1284 2207 1369 2270 divi-

328 2327 396 2369 nam
418 2312 574 2367 versentur
597 2305 812 2384 substantiam,
848 2306 968 2366 omnino
992 2308 1190 2369 consentiunt.
1232 2309 1370 2388 Namque

319 2402 526 2489 acceperam}
549 2423 609 2466 non
627 2407 677 2482 ait,
700 2405 829 2466 divinam
854 2404 1047 2468 substantiam
1061 2425 1129 2468 esse
1153 2407 1224 2469 illud
1245 2409 1370 2490 proprie

327 2505 381 2570 sed
403 2479 707 2584 (peruetaphoram)
731 2506 770 2566 ita
795 2523 886 2586 posse
908 2506 1064 2586 appellari;
1089 2506 1268 2590 ἀποφατικὴ
1287 2526 1367 2570 vero

329 2607 503 2684 contendit,
536 2607 732 2683 substantiam
764 2607 893 2669 divinam
923 2625 980 2668 nec
1017 2626 1087 2670 uere
1110 2607 1181 2670 illud
1205 2627 1284 2689 esse,
1306 2628 1368 2672 neo

328 2711 448 2790 proprie
471 2711 512 2770 ita
533 2708 647 2769 uocari.

411 2807 492 2882 Quas
525 2803 643 2890 quidem
676 2805 844 2904 theologias
881 2807 1078 2889 pulcherrime
1110 2827 1127 2871 a
1160 2811 1190 2893 8.
1217 2811 1368 2898 Dionysio

330 2909 515 2990 AreopagIta
538 2909 595 2970 sibi
633 2907 846 2988 suppeditante
858 2903 998 2989 Erigena
1019 2888 1222 2973 immortaliter
1243 2911 1366 2994 gaudet.

320 3007 367 3088 ΙΙ,
390 3007 437 3095 ΙΙ,
460 3009 508 3085 ΙΙΙ,
530 3011 569 3072 78
592 3017 649 3071 cet
672 3017 728 3072 cet.
752 3009 847 3074 Praei.
871 3010 1039 3072 adllaximi
1062 3009 1258 3091 ambigua-
1282 3010 1367 3074 Gale.

329 3128 394 3190 app.
423 3128 451 3190 p.
476 3110 534 3186 ΙΙΙ.)
589 3108 694 3190 Longa
726 3117 823 3171 autem
859 3107 996 3172 oratione
1022 3113 1227 3193 persequitur,
1257 3111 1367 3198 nullam

331 3229 400 3270 esse
421 3210 500 3271 inter
518 3211 624 3271 decem
651 3211 716 3271 illas
750 3213 921 3292 categorias
946 3211 1161 3291 Aristotelicas,
1184 3231 1271 3292 quam
1292 3229 1368 3274 vere

331 3329 367 3372 ac
388 3311 507 3392 proprie
532 3311 569 3371 de
590 3311 648 3372 deo
669 3312 768 3390 possis
791 3313 987 3392 praedicare:
1012 3313 1099 3374 simul
1121 3313 1224 3374 harum
1238 3314 1367 3393 aliquam

330 3412 367 3472 de
397 3414 463 3492 ipso
504 3408 954 3495 affirmaverituaropormp’,
984 3415 1126 3476 continuo
1158 3431 1225 3476 eam
1259 3415 1367 3496 negari

327 3497 521 3596 ¹o’rioporuafi.
547 3512 586 3592 (l,
610 3511 782 3588 17-80.).

426 3753 506 3803 etiarn
524 3751 584 3814 hoc,
602 3763 641 3802 κισ
657 3753 716 3822 quia
738 3749 833 3821 putet,
851 3751 949 3801 «liliam
972 3765 1004 3802 ex
1022 3752 1140 3802 essentia
1160 3752 1241 3820 patrio
1259 3759 1366 3814 natum,

335 3855 339 3865 ·
429 3825 484 3889 aut·
503 3841 625 3908 spiritum
654 3847 774 3890 sanctum
793 3838 958 3889 caecentur
977 3839 1060 3906 patris
1079 3837 1310 3907 procellerescum
1331 3855 1365 3887 ex

425 3943 540 3996 persona
564 3923 649 3996 patria
670 3926 803 3978 natanta
818 3923 910 3988 filine,
932 3936 986 3974 err'
1001 3923 1113 3994 persona
1133 3925 1215 3993 patrie
1237 3925 1367 3993 procedat

397 4036 399 4042 ·
426 4013 547 4083 spriritus
566 4021 688 4066 sanctae:
707 4013 760 4064 utet
781 4013 915 4074 eminatam
934 4019 1010 4080 patre
1023 4021 1119 4062 ‘matum
1131 4011 1225 4072 lilium,
1246 4019 1368 4078 expatre

426 4087 572 4170 procedere
592 4103 722 4170 spiritam,
741 4117 830 4170 neque
848 4098 1122 4151 tamencubstantiam
1137 4097 1183 4150 ted
1203 4097 1287 4149 solam
1302 4113 1367 4166 per-

434 4207 525 4242 sonam
544 4189 615 4260 patri
634 4205 691 4241 ease
709 4189 869 4260 propriam«
890 4189 946 4257 (ΙΙ,-
958 4184 1017 4259 34.)
1031 4214 1067 4230 Ι--
1099 4203 1110 4240 ‘1
