2958 4952
340 459 381 522 82

422 631 523 710 „Quae
551 625 661 690 divisio
691 625 809 688 videtur
833 629 959 704 quatuor
979 627 1099 706 speeies
1120 625 1275 706 recipere:
1296 641 1373 708 qua-

336 751 400 796 rum
422 733 516 811 primu
539 734 603 805 est,
631 743 707 808 quae
731 733 815 788 creat
836 733 866 787 et
887 744 948 788 nun
973 734 1114 806 creatur,¹
1130 727 1274 804 secunda,
1297 745 1374 808 quae

337 839 457 895 creatur
477 837 508 892 et
529 834 621 903 creat,
643 827 740 904 tertia,
762 843 839 906 quae
863 833 983 898 creetur
1004 833 1034 889 et
1055 845 1117 889 uun
1139 834 1235 906 creat,
1261 835 1375 907 quarta,

337 952 415 1016 quae
446 949 505 993 nee
542 936 625 992 creat
643 946 702 990 nee
726 935 853 990 creatur.
907 929 1016 990 ilerum
1039 937 1166 1010 quatuor
1186 930 1277 992 binae
1298 930 1377 990 inter

337 1056 371 1100 se
400 1039 609 1116 opponuntur:
638 1047 706 1094 nam
738 1031 824 1092 tertia
848 1031 1006 1110 opponitur
1024 1031 1156 1110 primae,
1187 1037 1291 1111 quarta
1323 1047 1377 1091 se-

338 1136 464 1202 cundae.
506 1134 565 1198 Sed
590 1138 693 1212 quarta
715 1132 791 1193 inter
813 1131 1008 1210 impossibilia
1028 1132 1155 1211 punitur,
1178 1131 1263 1195 euius
1287 1129 1379 1192 dilie-

337 1238 433 1301 rentia
457 1242 524 1313 est,
554 1251 615 1295 nun
645 1249 737 1314 posse
758 1249 836 1296 esse.
857 1269 897 1280 --
919 1232 1072 1310 „Multum‘
1095 1231 1275 1312 (discipulus
1296 1231 1376 1308 iniit)

336 1343 507 1402 memoret
529 1341 634 1415 quarta
656 1334 794 1414 speeies,
825 1350 894 1394 nam
916 1331 954 1394 de
976 1331 1043 1396 aliis
1067 1333 1161 1396 tribus
1182 1333 1262 1396 nulle
1285 1334 1378 1396 modu

336 1440 488 1502 haesitare
512 1437 623 1512 ausim,
655 1452 720 1496 cum
746 1434 841 1512 prima
869 1434 901 1494 in
932 1450 1023 1496 eausa
1047 1435 1190 1512 omnium,
1212 1440 1381 1514 quaesunt

338 1546 378 1617 et,
393 1555 478 1620 ,quae
500 1554 561 1599 non
577 1542 645 1597 sunt
665 1533 868 1614 intelligatur,
891 1533 1027 1596 secunda
1047 1551 1122 1596 vero
1145 1534 1174 1595 in
1194 1534 1380 1615 primordia-

336 1641 413 1704 libus
437 1639 548 1716 euusis,
567 1636 654 1699 terlia
678 1636 709 1697 in
728 1636 786 1713 his,
808 1653 884 1715 quae
905 1637 936 1697 in
957 1637 1155 1717 generatione
1176 1634 1379 1716 temporibus-

339 1759 397 1822 que
419 1759 455 1802 ac
477 1739 553 1808 lucis
576 1741 853 1820 cognoscentnr).
903 1737 1003 1816 Atque
1027 1735 1065 1798 de
1086 1736 1211 1818 singulis
1233 1734 1380 1817 disputari

337 1841 474 1905 subtilius
496 1840 703 1904 necessarium
726 1845 801 1900 esl.“
821 1836 859 1914 (l,
885 1845 913 1918 1,
934 1836 972 1916 ll,
996 1839 1041 1915 l.)

692 2049 694 2051 ,
804 1998 833 2066 s.
858 1986 906 2052 10.

419 2106 455 2168 Α.
498 2103 611 2182 „Prima
642 2102 734 2185 igitur
766 2101 895 2166 Naturae
923 2103 1042 2183 speeies
1063 2104 1127 2165 visa
1148 2107 1195 2164 est
1214 2119 1268 2182 ea,
1301 2119 1379 2184 quae
1473 2083 1474 2100 ¹

339 2212 422 2269 creat
444 2212 474 2268 et
494 2223 553 2267 uun
575 2210 722 2267 creatur.“
747 2243 787 2254 -

423 2306 522 2388 „Haec
544 2306 581 2366 de
604 2304 670 2366 solu
695 2305 752 2365 deo
776 2309 859 2364 reete
880 2303 1089 2384 praedicatur:
1123 2302 1172 2364 hie
1194 2303 1273 2366 enim
1295 2301 1381 2365 solus

340 2409 441 2469 omnia
464 2423 589 2481 ereans,
620 2403 703 2466 solus
736 2404 801 2465 sine
829 2405 977 2484 principie
1000 2421 1068 2465 esse
1088 2404 1278 2485 intelligitur,
1306 2405 1381 2484 quia

339 2508 510 2594 principalis
531 2523 621 2569 eausa
645 2507 785 2584 omnium,
805 2523 881 2586 quae
905 2524 943 2567 ex
965 2507 1030 2586 ipso
1056 2512 1085 2568 et
1107 2506 1274 2586 peripsum
1297 2505 1382 2567 laeta

340 2617 427 2686 sunt,
461 2607 543 2672 sulus
564 2616 619 2669 est.
643 2647 684 2658 -
706 2609 752 2670 Ac
772 2625 827 2688 per
851 2606 910 2668 hue
926 2613 956 2668 el
978 2606 1127 2684 omnium,
1152 2623 1229 2688 quae
1254 2625 1293 2667 ex
1312 2607 1382 2686 ipso

340 2718 425 2789 suut,
460 2711 527 2772 linis
564 2717 627 2771 est:
662 2710 757 2789 ipsum
781 2707 860 2769 enim
882 2709 980 2769 omniu
1005 2714 1152 2789 appetunt.
1197 2708 1379 2788 Principium

246 2815 248 2820 '
341 2816 408 2884 est,
432 2812 500 2889 quia
521 2829 560 2870 ex
579 2810 645 2890 ipso
665 2815 733 2870 sunt
755 2808 872 2884 omnia,
902 2823 978 2887 quae
999 2809 1160 2869 essentiam
1182 2809 1381 2888 participant3
1472 2877 1473 2880 Ἴ

340 2911 408 2973 linis
433 2917 499 2984 est,
534 2910 602 2991 quie
632 2909 786 2989 adipsum
809 2913 966 2970 moventur
992 2909 1107 2985 omnia,
1126 2889 1259 2988 'quietem
1281 2914 1383 2971 mutus
1472 2896 1473 2974 Ῑ

342 3011 388 3075 sui
408 3009 540 3092 suaeque
563 3010 757 3091 perfeetionis
779 3008 968 3072 stabilitatem
989 3009 1190 3090 quaerentia·.“
1203 3045 1245 3057 -
1259 3007 1298 3092 (l,
1315 3009 1382 3088 ll.)

346 3233 629 3246 ψ-

396 3380 427 3452 4)
449 3381 551 3454 Quarta
579 3380 627 3431 illu
654 3387 766 3432 naturae
795 3379 898 3449 speeies
926 3379 963 3430 ita
989 3379 1077 3431 «inter
1103 3378 1284 3461 impossibilia
1302 3381 1385 3450 poui-

449 3478 506 3521 tur»
522 3500 566 3532 -,
584 3476 614 3520 ut
630 3486 685 3519 nou
704 3468 739 3519 ait
760 3466 887 3540 quadrien
906 3483 954 3536 per
973 3483 1001 3518 ue
1023 3466 1219 3518 «subsistant»
1242 3477 1386 3538 quartum·
1472 3489 1473 3492 ¹

444 3575 496 3628 que
516 3556 634 3608 utribus
654 3557 707 3606 illia
726 3555 869 3606 diversum.
907 3553 1066 3606 Docebimur
1086 3563 1175 3605 autem
1195 3555 1277 3618 inira„
1299 3543 1385 3626 quar·
1472 3569 1473 3574 ’

445 3652 499 3697 tum
526 3652 642 3694 nostrum
668 3651 781 3692 naturae
811 3642 926 3709 speeiem
955 3657 1012 3691 aere
1039 3657 1118 3691 unam
1139 3641 1306 3712 eandemque
1323 3660 1385 3693 eum

447 3731 538 3801 specie
566 3724 665 3800 primu,
695 3730 783 3797 ipsum
809 3727 896 3778 deum.
939 3729 1012 3779 Daue
1044 3729 1128 3791 enim,
1154 3731 1279 3796 quoniam
1305 3748 1337 3780 ex
1356 3747 1387 3782 ee

446 3819 553 3880 eduxit,
580 3833 756 3888 quaeeunque
782 3833 868 3866 rerum
893 3823 1040 3867 creatarum
1069 3817 1172 3868 ambitu
1201 3818 1387 3878 continentur,

405 3917 425 3926 ’·
446 3905 543 3957 dicitur
562 3907 664 3958 Nature
684 3923 739 3956 non
759 3912 846 3956 creatu
860 3921 961 3968 creans,
979 3905 1106 3975 quoniam
1127 3914 1216 3955 autem
1234 3903 1387 3975 aliquando

446 3994 538 4046 omniu
567 3994 614 4044 illa
639 3995 668 4044 iu
686 4010 715 4044 re
740 3991 850 4044 reducta
868 3991 1095 4062 comprehendet,
1126 3990 1195 4043 nihil
1216 3993 1331 4061 amplius
1351 4009 1388 4042 ex

452 4097 481 4132 ae
501 4080 634 4141 educam,
659 4081 761 4132 Natura
789 4079 942 4150 appellatur
967 4095 1024 4133 nou
1038 4087 1126 4133 creata
1146 4093 1202 4132 non
1220 4096 1320 4133 creant.
1340 4079 1386 4131 Cf.
1458 4109 1472 4128 a

445 4167 479 4231 ll,
497 4166 527 4234 23
546 4168 593 4229 lll,
611 4165 655 4218 23.
1091 4171 1095 4176 '
