3010 4946
327 460 367 526 78

324 645 552 723 describuntur,
588 643 709 705 omnino
739 643 953 725 prope-modum
988 645 1132 708 oblivioni
1165 645 1290 710 traditos
1312 663 1368 710 eoo

322 750 416 826 luisse
440 745 557 808 credas.
599 744 702 824 Neque
724 745 775 819 illi,
804 747 853 824 qui
877 745 989 806 interea
1013 764 1037 807 s.
1062 747 1182 808 concilii
1197 747 1366 810 Tridentini

321 849 405 910 iussu
430 846 557 908 indicem
578 843 717 904 librorum
739 844 951 923 prohibitorum
973 846 1146 922 coniecere,
1167 847 1250 908 Scoti
1271 847 1365 910 libros

320 946 359 1009 de
377 948 494 1012 naturis
515 949 702 1006 curaverunt.
721 964 724 970 ·
745 946 784 1007 at
816 961 903 1022 quum
931 947 1055 1024 primum
1077 947 1273 1007 reuuutiatum
1300 947 1365 1024 fuit,
1437 1019 1442 1034 ι

318 1047 467 1128 prodiisse
491 1045 529 1106 de
550 1046 668 1125 integro
690 1045 720 1104 in
741 1043 888 1125 publicum
909 1045 1002 1112 libros
1025 1047 1082 1106 iam
1104 1047 1220 1127 pridem
1236 1046 1363 1122 dam-oa-

317 1155 384 1220 tos‚
421 1146 594 1220 Romaein
617 1144 745 1226 indicem
767 1145 910 1206 librorum
931 1145 1146 1225 prohibitorum
1170 1146 1256 1208 relati
1278 1153 1362 1223 sunt3

318 1266 405 1329 quem
416 1247 513 1308 locum
526 1264 610 1308 suum
623 1248 660 1306 ad
674 1245 849 1308 hodiernum
862 1263 956 1325 usque
968 1246 1044 1306 diem
1060 1246 1310 1320 obtinuerunt20).
1320 1281 1361 1302 .-

398 1347 502 1427 Neque
534 1353 632 1408 tamen
663 1345 722 1407 ullo
754 1353 843 1426 pacto
877 1347 1067 1409 Scbloeteros
1094 1343 1360 1426 reprehendendus

318 1452 376 1525 est,
399 1454 558 1526 propterea
579 1445 671 1526 quod,
697 1447 752 1508 elsi
777 1444 955 1508 catholicum
976 1465 1010 1507 se
1030 1447 1211 1527 profiteatur,
1233 1447 1361 1526 postha-

315 1547 377 1610 bita
401 1564 579 1609 summorum
610 1546 780 1626 pontificum
814 1547 1005 1628 auctoritate,
1038 1547 1137 1609 denuo
1166 1547 1232 1608 illos
1264 1546 1359 1609 libros

315 1646 452 1709 ediderit.
494 1648 567 1709 Num
590 1665 676 1727 quum
699 1647 758 1710 boo
780 1648 874 1727 ipsum
896 1664 990 1728 nuper
1018 1667 1035 1709 a
1071 1647 1200 1728 quodam
1228 1650 1359 1711 monitus

315 1747 429 1829 luisset,
449 1765 503 1829 per
525 1747 746 1809 adolescentem
769 1748 826 1836 sibi
859 1747 1069 1810 amicissimum
1098 1753 1257 1812 certiorem
1288 1767 1355 1812 eum

313 1847 396 1927 fecit,
419 1866 488 1910 sese
508 1867 565 1910 neo
586 1849 737 1912 audivisse
758 1861 897 1927 unquam,
919 1864 978 1909 nec
999 1849 1136 1926 credere,
1154 1850 1242 1911 ullum
1263 1851 1353 1922 ioan.

311 1950 360 2011 nis
383 1949 465 2012 Scoli
488 1949 635 2028 Erigonae
665 1964 739 2027 opus
769 1949 799 2008 in
822 1946 952 2009 indicem
975 1947 1115 2010 librorum
1138 1949 1354 2030 prohibitorum

311 2049 434 2137 relatum
459 2065 543 2124 esse3
567 2084 606 2096 -
628 2065 694 2109 eunr
719 2047 867 2124 sortasse,
901 2045 1050 2110 nominum
1083 2050 1262 2113 similtudine
1296 2052 1354 2112 de-

311 2156 439 2230 ceptum,
465 2166 541 2229 quae
564 2148 601 2210 de
621 2147 829 2210 loanneDuns
851 2149 941 2211 Sooto
962 2151 1135 2228 invenisset,
1157 2151 1195 2212 ad
1210 2152 1353 2214 loannem

309 2251 434 2315 Scotum
452 2250 612 2331 briganam
634 2285 673 2296 --
694 2237 871 2310 traduxisse.
1250 2307 1257 2316 ,

392 2349 531 2411 Venimus
552 2365 632 2409 nunc
654 2347 700 2408 ad·
712 2365 748 2408 ea
770 2346 947 2427 simpliciter
972 2335 1139 2426 afferendm
1171 2367 1247 2428 quac
1274 2366 1351 2411 unus

309 2456 340 2512 el
353 2449 430 2510 item
452 2448 526 2510 alter
545 2449 611 2510 sine
632 2465 723 2510 causa
743 2451 916 2511 necessaria
940 2448 1090 2531 Erigonae
1124 2449 1232 2512 tribuit.
1275 2449 1348 2514 Sunt

252 2549 257 2562 ‘
309 2551 374 2612 fere
394 2550 541 2624 baccar:
1002 2611 1009 2620 ,

222 2647 225 2652 ’
394 2651 415 2712 Ι.
449 2649 620 2728 „Excerpta
649 2667 689 2711 ex
719 2643 873 2712 Macrobio
906 2651 944 2712 de
976 2649 1152 2730 differentiis
1183 2658 1213 2712 et
1240 2653 1346 2712 socie-

306 2748 415 2814 ulons
433 2750 540 2811 Graeci
556 2749 713 2830 Latinique
727 2750 843 2813 verbis
878 2750 912 2813 11.
936 2752 1078 2831 „Humilia
1095 2752 1132 2813 de
1149 2751 1231 2811 initio
1249 2767 1345 2809 evan·
1372 2833 1374 2836 Ι

307 2837 381 2932 gelli
413 2850 577 2912 secundom
607 2850 776 2912 loannem.“
826 2852 909 2925 Quae
944 2851 1002 2913 duo
1035 2852 1136 2929 utiquc
1163 2847 1343 2927 Erigeniana

305 2967 385 3028 esse,
406 2950 470 3012 veri
491 2951 587 3032 simile
610 2959 734 3032 putatur.
754 2991 795 3002 --
814 2951 861 3014 lll.
884 2947 1151 3029 „commentarium
1172 2949 1202 3007 in
1226 2947 1344 3026 Diony-

304 3053 380 3113 sium
403 3053 650 3133 Areopagitam.“
691 3054 756 3116 Hoc
780 3053 829 3133 qui
849 3052 957 3113 viderit
975 3047 1129 3128 —‚·quod
1151 3046 1269 3126 quidem
1291 3045 1342 3119 illi,

303 3166 380 3231 quos
401 3161 479 3230 (sup.
501 3149 813 3230 not.'tl.)'auotores
833 3157 954 3213 nostrus
974 3149 1169 3224 laudavimus,
1189 3146 1247 3208 sibi
1267 3163 1341 3226 per-

303 3258 473 3330 suaserunt,
496 3261 548 3314 est
564 3254 811 3317 fortasse-nemo.
854 3251 914 3312 lam
928 3283 930 3290 ·
945 3266 1017 3310 vero
1046 3253 1149 3308 nostra
1170 3252 1268 3308 aetate
1289 3248 1339 3314 Dr.

303 3349 469 3429 Greitbius‚
496 3353 644 3432 parochus
674 3351 893 3434 Sangallensis,
926 3350 956 3409 in
987 3347 1166 3410 bibliotheca
1197 3346 1341 3410 Vaticana

304 3522 578 3540 w

334 3620 381 3690 20)
401 3621 433 3672 ci.
451 3620 509 3673 lud.
524 3623 615 3674 libror.
628 3617 755 3692 prohibit.
770 3615 835 3667 edit.
845 3613 1031 3667 Mecbliniena.
1042 3613 1336 3668 aruocccxxxvru.
1451 3618 1454 3623 '

397 3727 424 3779 p.
447 3712 506 3761 122.
526 3740 561 3752 -

334 3811 381 3881 21)
401 3814 434 3864 cl.
454 3813 519 3864 ilict.
537 3813 589 3863 litt.
603 3809 636 3861 de
656 3809 682 3859 le
699 3809 798 3858 Franco
816 3813 880 3857 tom.
901 3806 934 3859 V.
953 3825 980 3878 p,
998 3805 1050 3861 427
1068 3824 1124 3877 seq.
1146 3805 1240 3859 Tuom.
1260 3803 1336 3855 Gale·

399 3908 461 3953 test.
482 3917 509 3969 p.
530 3901 560 3950 tl
580 3906 608 3949 et
627 3914 653 3967 p.
675 3895 714 3947 13.
730 3924 762 3933 -
783 3893 838 3944 Nos
856 3894 930 3944 illum
950 3896 1116 3964 potissimum
1139 3893 1275 3944 historiam
1293 3906 1336 3940 se-

399 3989 454 4039 cuti
475 4003 572 4047 sumus,
593 4000 673 4054 quae,
691 3991 722 4034 ut
739 3982 833 4043 serius,
855 3983 891 4034 itu
909 3985 1058 4034 accinctius
1076 3982 1126 4034 hac
1146 3979 1180 4032 de
1197 3995 1226 4031 re
1244 3977 1336 4047 dispu-

397 4082 465 4127 tasse
482 4073 616 4136 videatur,
632 4087 713 4142 quem
733 4068 851 4124 Thomas
870 4069 979 4122 Geleue.
997 4097 1032 4111 -
