3010 4946
1175 465 1216 528 89

175 651 217 711 tia
239 646 366 729 impleat,
403 665 457 710 sua
490 647 623 710 essentia
646 647 765 710 efficiat.
808 646 911 728 tteqne
934 653 1045 713 tantum
1067 649 1163 729 abest,
1185 657 1217 714 ut
1257 671 1264 683 ·

177 753 302 832 scotus,
334 767 422 830 quum
452 749 674 811 Aristotelicum
708 750 859 810 essentiae
893 752 1095 831 categoriam,
1115 757 1217 831 utpote

180 852 228 912 cui
248 850 416 929 oppositum
441 850 480 920 sit
500 849 632 928 miiitum,
658 867 724 911 cum
747 849 833 928 deus,
858 851 937 928 quod
960 852 1017 931 ipsi
1042 859 1218 931 opponetur,
1317 933 1319 940 ,

179 969 241 1012 non
261 949 387 1028 habeat,
418 948 455 1009 de
485 950 605 1009 numine
633 965 689 1010 suo
710 948 811 1012 divino
832 951 951 1029 proprie
971 950 1141 1030 praedicari
1164 969 1218 1012 ne.

177 1057 230 1132 gat
243 1059 297 1126 ¹⁰),
321 1049 437 1115 idcirco
458 1067 557 1110 rerum
579 1049 778 1137 universitatis
790 1051 951 1114 essentiam
968 1049 1013 1126 ¹de
1036 1051 1101 1132 ipso
1124 1049 1218 1128 tollat,

178 1158 210 1212 ut
233 1167 299 1210 eam
325 1151 435 1212 diserto
455 1149 513 1230 ipsi
534 1149 699 1231 relinquat,
727 1156 815 1234 atque
837 1149 915 1214 adeo
933 1151 1026 1233 ,plane
1047 1169 1085 1216 ac
1107 1151 1219 1217 diserte

180 1251 299 1314 tribuat.

640 1371 670 1440 N·
705 1363 755 1432 90.

260 1482 301 1544 At
317 1488 488 1544 occurrent
511 1481 618 1560 nobis,
641 1483 808 1563 quicunque
829 1479 1028 1557 attendemnt,
1058 1497 1115 1556 eo,
1138 1481 1219 1561 quod

181 1584 311 1664 Brigeco
334 1583 423 1644 deum
440 1601 441 1609 ¹
456 1601 480 1646 s.
504 1585 643 1646 Naturam
667 1600 730 1645 non
767 1588 898 1645 creatam
928 1587 1094 1661 creantem,
1129 1599 1218 1661 quum

179 1685 218 1743 ab¹
260 1683 344 1744 initio
390 1689 517 1762 quatuor
563 1683 693 1746 Naturae
732 1683 850 1762 species
893 1683 1107 1760 constitueret,
1147 1684 1219 1744 item

177 1783 305 1844 Naturae
332 1786 465 1863 speciem
496 1801 565 1845 esse
598 1783 721 1861 dixerit,
751 1787 838 1862 atque
859 1781 936 1843 adeo
959 1783 1065 1844 tertiae
1086 1787 1219 1846 Naturae

176 1885 310 1963 speciei,
352 1883 481 1946 Naturae
514 1891 635 1946 creatae
671 1901 734 1946 non
770 1882 884 1944 creanti
916 1901 955 1943 ex
991 1881 1158 1960 diametro,
1187 1888 1219 1944 ut

179 1986 276 2061 aiunt,
310 1986 492 2066 opposuerit.
544 1984 716 2048 satisfaciat
745 1984 782 2044 iis
812 1984 876 2062 ipse
896 1981 1037 2064 Erigone.
1078 1981 1107 2043 is
1128 1983 1219 2063 igitur

175 2084 219 2146 ·de
248 2085 358 2147 Natura
389 2103 449 2147 non
479 2093 580 2146 creata
611 2091 754 2160 creante,
780 2086 873 2163 prima
904 2083 953 2146 itta
985 2083 1115 2146 Naturae
1145 2098 1220 2163 spe-

175 2186 227 2246 ·cie
249 2201 275 2246 s.
298 2187 391 2272 torma
410 2173 464 2265 ,si
484 2187 577 2264 rite“,
604 2187 656 2261 ait,
678 2185 815 2265 „species
837 2183 884 2244 vel
905 2183 1000 2247 souma
1023 2183 1150 2248 dicenda
1172 2191 1219 2246 eat

180 2285 274 2366 prima
296 2288 424 2348 omnium
448 2304 549 2363 causa,
573 2304 650 2366 quae
667 2291 789 2366 superat
811 2302 929 2346 omnem
950 2285 1075 2346 formam
1096 2291 1128 2346 et
1146 2303 1220 2364 spe-

173 2387 273 2463 ciem,
303 2387 372 2466 dum
402 2389 441 2450 sit
470 2388 633 2448 termarum
668 2393 698 2448 et
732 2387 899 2466 specierum
932 2386 1063 2446 omnium
1090 2384 1219 2448 interme

172 2489 363 2568 ,principium
415 2488 544 2549 lniorrne
567 2494 664 2550 autem
686 2488 860 2568 principium
881 2492 1040 2567 propterea
1060 2487 1155 2548 Deum
1173 2484 1219 2546 di.

108 2593 115 2610 ¹
176 2589 281 2664 cimus,
301 2607 340 2648 ne
363 2590 428 2667 quis
444 2605 510 2648 eum
529 2588 689 2648 formarum
705 2605 829 2649 numero
847 2587 984 2648 aestimet
1004 2589 1135 2661 censeri,
1149 2586 1218 2648 dum

177 2691 216 2752 sit
238 2689 399 2751 formarum
421 2691 550 2750 omnium
565 2706 667 2751 causa.
707 2689 805 2769 ipsum
828 2689 937 2749 etenim
951 2702 1040 2748 omne
1061 2686 1219 2748 formatum

177 2789 287 2868 appetit
299 2787 458 2867 ¹¹),cum
492 2790 531 2850 sit
561 2805 616 2866 per
645 2805 679 2850 se
702 2789 797 2867 ipsum
821 2788 950 2848 infinitus
971 2792 1001 2848 et
1031 2785 1219 2867 plus,quam

177 2889 323 2976 infinitus:
346 2895 391 2952 est
412 2889 490 2950 enim
514 2889 643 2951 intinitas
667 2891 796 2951 emnium
820 2888 1021 2951 infinitatione
1046 2885 1098 2965 (u,
1124 2887 1167 2970 t.)

651 3029 681 3096 a.
704 3019 754 3085 ot.
838 3009 839 3019 '

262 3139 375 3220 ltaque,
399 3115 430 3199 ut
446 3139 633 3217 arbitramur,
656 3139 686 3200 in
710 3143 845 3219 promptu
865 3144 922 3211 est,
944 3136 1052 3200 nnllam
1078 3153 1117 3198 cx
1138 3135 1220 3202 scon

180 3243 328 3302 sententia
360 3237 588 3300 inhaererem
618 3239 813 3300 universitate
844 3237 1039 3299 substantiam
1070 3229 1218 3324 reperiri',

181 3347 299 3418 praeter
319 3340 512 3402 substantiam
536 3339 665 3401 Naturae
680 3339 835 3400 creatricis
858 3338 986 3416 divinae,
1009 3353 1107 3417 neque
1128 3335 1218 3415 quid·

179 3459 287 3519 quam,
320 3448 351 3505 ut
384 3441 449 3522 ipse
480 3437 531 3519 (u,
563 3443 610 3518 2.)
642 3440 699 3518 ait,¹
726 3446 828 3520 „extra
859 3439 937 3500 iilam
961 3455 1033 3498 vere
1056 3437 1218 3499 essentiale

183 3596 453 3610 m*—

212 3662 255 3734 10)
276 3664 349 3714 Hanc
377 3667 456 3715 etiam
476 3673 618 3734 propterea
637 3663 670 3716 de
693 3645 744 3716 deo
764 3663 916 3734 praedicari
935 3670 1034 3730 negat,
1053 3659 1126 3732 quod
1147 3659 1213 3710 dens

280 3768 334 3800 nen
355 3751 419 3800 nsit»
438 3760 509 3802 certa
528 3751 658 3820 quaedem
679 3760 760 3820 atque
780 3749 1062 3812 definitasubatantia,
1084 3763 1155 3819 quae
1172 3743 1218 3796 hie

277 3837 319 3888 vel
338 3837 396 3886 iilic
416 3839 459 3901 „in
479 3846 627 3888 creatarum
646 3837 856 3890 substantiarum
868 3853 980 3889 numero
999 3824 1216 3908 reperiatur-‚¹⁴-

279 3925 312 3976 cf.
328 3943 387 3994 sup,
407 3924 428 3996 §.
451 3925 509 3990 15.;
528 3926 560 3988 ΙΙ,
581 3925 694 3984 28-29.

214 4003 258 4078 ii)
278 4010 309 4065 H.
330 4031 362 4077 e.,
383 4021 412 4064 ut
430 4009 509 4063 noers
529 4013 640 4082 quidem
658 4013 772 4076 videtur,
791 4031 887 4078 „omne
906 4013 1050 4066 formatum
1068 4014 1112 4080 (ut
1130 4025 1162 4060 err
1184 4026 1216 4060 ec

273 4101 414 4166 processit,
433 4099 471 4151 tte
490 4101 528 4169 et)
546 4101 704 4166 „essentiam
735 4101 792 4152 eins
811 4103 970 4170 participat“
993 4130 1025 4142 -
1048 4096 1216 4150 snbstantia-

277 4183 392 4257 literque
411 4206 470 4240 cum
491 4205 523 4241 eo
543 4187 679 4266 euinceret.
699 4189 739 4242 Cf.
761 4191 782 4254 t,
802 4169 914 4240 tua-re
935 4185 1053 4257 tt.;1t·t,
1073 4184 1097 4250 i,
1117 4180 1196 4236 e-t.
