3010 4946
1142 447 1181 510 75

134 633 191 706 tor,
219 631 265 688 est
286 625 414 708 dialogi:
444 626 615 706 magistrum
637 628 715 690 enim
738 646 804 690 cum
829 626 975 710 discipulo
1000 629 1180 710 colloquen-

16 705 17 794 J
134 735 194 791 tem
216 727 315 802 linxit,
347 725 511 807 horumque
529 729 716 790 sermonibus
745 729 867 792 alternis
889 736 978 808 totam
1002 731 1182 812 disputatio-

16 829 17 838 ’
136 847 207 892 nem
228 829 283 888 rite
306 826 434 889 deducit.
477 829 515 889 Ut
536 830 697 910 magister,
728 832 769 892 ita
798 830 960 911 discipulus
988 850 1066 895 nuuc
1085 834 1182 896 inter-

134 935 234 1010 rogat,
256 945 336 990 nunc
356 929 575 1010 interrogatur;
599 936 686 1009 atque
707 929 767 1006 ille,
799 929 866 994 dum
889 929 1024 992 altiorem
1046 949 1083 995 ac
1106 951 1181 1012 spe-

136 1029 313 1106 culativam,
356 1045 441 1108 quarn
473 1029 657 1108 vocitamus,
700 1029 908 1110 philosophiae
950 1031 1180 1114 theologiaeque

137 1130 341 1214 cognitionem
364 1131 532 1210 exceperis,
554 1131 605 1190 vix
629 1146 688 1192 una
709 1129 813 1192 schola
836 1130 896 1192 dici
919 1139 1009 1213 queat
1032 1133 1161 1196 doctior.

218 1231 264 1294 De
284 1229 374 1291 totius
396 1230 496 1310 operis
518 1236 693 1310 argumento
715 1236 802 1310 atque
835 1231 955 1310 indole,
973 1234 1181 1313 equoniamin

137 1332 228 1395 altera
257 1336 380 1392 nostrae
411 1331 583 1411 scriptionis
617 1337 701 1410 parte
731 1334 851 1413 proprie
889 1333 1096 1415 disputandum
1124 1343 1181 1414 cst,

138 1431 285 1496 hocloco
307 1432 380 1493 satis
403 1429 570 1493 habendum
593 1431 778 1510 arbitramur,
802 1434 827 1494 si
849 1433 896 1496 illa
910 1434 1053 1498 Bructeri
1076 1437 1180 1514 verba,

139 1551 213 1614 quae
234 1533 293 1594 iam
314 1547 405 1612 supra
424 1548 442 1592 a
463 1531 550 1594 nohis
568 1531 654 1594 allata
669 1539 747 1615 sunt,
770 1535 875 1596 iterum
888 1543 991 1598 nostra
1007 1536 1179 1602 fecerimus.

140 1633 299 1716 diligitur
320 1629 487 1694 Bmokerus
500 1635 551 1709 ¹³),
571 1649 688 1694 omnem
709 1635 791 1694 Scoti
811 1634 1027 1715 philosophiam
1047 1636 1105 1698 huc
1125 1656 1181 1700 re-

141 1733 222 1796 dire:
257 1731 401 1811 ,Omnia,
436 1749 630 1812 quaeeunque
650 1739 734 1810 sunt,
769 1750 830 1810 non
848 1729 1019 1797 radicaliter
1038 1735 1128 1800 modo
1150 1744 1182 1800 et

107 1901 110 1912 ‚
139 1832 311 1908 virtualiter,
333 1830 387 1892 sed
405 1837 435 1892 et
455 1829 655 1893 essentialiter
676 1833 707 1893 io
728 1831 785 1894 deo
807 1834 966 1911 contineri,
991 1842 1080 1915 atque
1103 1835 1181 1900 adeo

140 1935 239 2010 omnia
263 1951 302 1994 ex
324 1932 383 1994 deo
404 1931 440 1994 ab
464 1939 586 1994 aeterno
609 1949 771 2014 progressa
794 1950 864 1996 esse
886 1941 915 1995 et
935 1933 1070 2013 duxisse',
1091 1936 1182 2018 inque
1238 1927 1240 1932 ’

139 2037 241 2097 varias
275 2032 389 2096 classes
421 2031 595 2095 inferiorum
616 2039 647 2094 et
673 2034 876 2113 superiomm,
910 2034 1090 2098 deteriorum
1112 2053 1181 2098 me-

140 2135 305 2212 liorumque
333 2132 444 2195 entium
477 2131 615 2194 distincta
645 2131 764 2194 tandem
789 2133 819 2194 in
840 2133 951 2196 iontem
975 2135 1182 2218 originemque
1301 2209 1306 2220 ἱ

140 2233 228 2297 ¹suam
249 2234 285 2308 (i.
307 2249 332 2294 o.
356 2231 458 2306 deum)
478 2231 610 2294 reditura
630 2237 727 2294 esse'.“
746 2265 789 2282 -

227 2332 307 2406 Quae
329 2329 531 2412 philosophia,
562 2347 650 2412 quam
671 2338 810 2394 accurate
831 2328 1002 2397 lutulentum
1024 2331 1102 2393 istud
1126 2333 1182 2408 (sit

142 2433 229 2498 uenia
250 2433 359 2510 verbo)
383 2433 476 2494 choos
498 2431 731 2495 Alexandrinum
759 2431 1018 2510 recentiorumque
1049 2431 1182 2514 Platoni·-

147 2551 264 2610 oorum,
299 2549 374 2613 quos
395 2539 523 2608 vocant,
556 2531 686 2610 rclerat,
722 2547 810 2593 nemo
832 2547 893 2592 non
916 2531 1013 2608 uidet,
1043 2538 1131 2613 atque
1151 2532 1183 2596 in

147 2634 238 2714 capite
258 2631 294 2694 ll.
316 2630 475 2692 uberiusa
507 2627 595 2690 nohis
623 2628 855 2692 demonstratum
890 2635 948 2692 est.
991 2629 1092 2712 ltaque
1124 2631 1183 2701 iarn

143 2751 195 2814 per
215 2749 250 2794 se
271 2730 385 2810 liquere
407 2730 602 2805 arbitramur,
633 2731 681 2808 qui
704 2728 814 2792 iactum
837 2730 894 2807 sit,
923 2730 1025 2804 otalii
1045 2730 1183 2809 philoso-

143 2833 240 2913 phiam
262 2832 349 2893 istam
370 2828 580 2910 Erigeninnam
601 2846 688 2909 quam
709 2829 836 2890 maxime
859 2830 917 2890 sint
939 2830 1111 2907 abominati,
1132 2829 1183 2894 alii

143 2938 247 2994 contra
270 2930 428 3010 amplexati
458 2929 568 2991 fuerlnt
599 2928 800 3009 cupidissime.
842 2928 953 2990 Horum
984 2935 1102 3006 autem,
1133 2931 1184 3008 qui

143 3031 308 3108 laudarent,
328 3031 488 3108 numeruS,
521 3046 607 3109 quum
635 3035 750 3109 patrum
770 3035 939 3090 nostrorum
960 3029 1105 3091 memoria
1126 3029 1184 3092 ad-

144 3133 264 3195 modum
286 3131 412 3212 exiguus
434 3129 557 3206 luisset,
584 3135 687 3190 nostra
712 3135 809 3190 aetate
833 3138 907 3204 (neo
927 3134 1047 3208 praeter
1069 3145 1184 3207 eorum,
1213 3191 1215 3197 ,

144 3234 194 3313 qui
214 3232 342 3312 sapiunt,
363 3231 533 3312 opinionem
543 3230 567 3308 l)
588 3231 717 3292 immane
738 3235 877 3309 quantum
898 3234 944 3290 est
963 3235 1075 3289 auctus.
1101 3229 1187 3301 Quo-

142 3349 210 3393 rum
231 3337 354 3410 partem,
374 3331 424 3410 qui
445 3330 700 3411 operaepretium
723 3313 841 3390 duxerit
862 3329 1062 3410 cognovisse,
1096 3328 1186 3389 adeat

144 3429 311 3495 Sohlueteri
330 3429 563 3511 praelationem:
586 3447 614 3510 p.
637 3428 695 3489 Vll.
711 3445 774 3509 seq.
797 3429 838 3478 -'-
858 3428 912 3490 Est
942 3435 1058 3504 tamen,
1094 3433 1126 3488 ut
1154 3429 1184 3490 in

145 3535 253 3594 senatu
273 3528 382 3607 illo-
404 3537 559 3611 ,tanquam
580 3529 685 3591 altiore
706 3529 809 3610 spiritu
830 3526 954 3589 aissato“
972 3561 1013 3574 -
1031 3527 1187 3589 videamus

145 3647 208 3692 non
229 3627 377 3690 neminem
398 3636 442 3710 (p.
463 3629 673 3708 xli-xum,
694 3646 781 3710 quem
803 3627 992 3709 supercilium
1016 3628 1187 3690 censorium

146 3721 289 3812 ¹perquam
310 3726 399 3789 tacite
420 3730 509 3793 istinc
531 3731 668 3794 moverit.
690 3767 730 3780 -
751 3728 811 3792 lam
834 3745 908 3793 uero
934 3727 1010 3808 illos,
1034 3728 1083 3810 qui
1106 3727 1187 3791 vitu-

186 3962 230 4033 ts)
249 3964 283 4015 cl.
312 3963 378 4015 Crit.
403 3960 503 4032 philos.
528 3959 623 4016 histor·
650 3970 714 4016 tom.
734 3961 771 4014 111
790 3960 868 4030 (edit.
890 3960 960 4032 Lips.
981 3957 1059 4030 titt)
1080 3975 1104 4028 p.
1122 3958 1185 4012 621.

248 4051 335 4122 Atque
355 4049 389 4102 de
408 4049 450 4102 his
469 4049 534 4120 ipsis
557 4049 680 4101 Brackeri
699 4048 885 4121 locutionibus
904 4048 1037 4118 consulas,
1063 4047 1186 4112 velimus,

252 4154 322 4206 quae
340 4137 412 4193 dicta
432 4131 494 4192 eunt
512 4139 571 4212 sup.
591 4153 649 4208 cap.
668 4135 701 4191 ll.
720 4146 778 4192 not.
800 4135 841 4189 18.
