3010 4946
303 445 342 508 70

300 616 536 709 Aethalingiensi
569 628 717 690 coenobio
749 627 884 692 abbatem
913 630 1119 710 praetererit.“
1140 667 1182 682 -
1204 627 1335 713 logultos

301 735 408 806 aulem,
427 729 476 808 qui
498 729 575 790 baeo
598 729 661 808 ipsa
684 731 785 808 soiret,
805 729 949 810 simulque
970 731 1009 792 de
1028 731 1142 793 loanne
1162 732 1264 810 Seoto,
1284 729 1334 792 in-

299 830 426 910 genioso
448 831 498 890 illo
520 828 706 908 philosopho,
727 847 763 890 ea
786 830 849 890 lere
870 836 980 908 aetate,
1011 849 1068 911 qua
1091 829 1231 894 dllredus
1254 829 1334 904 vixit,
1369 843 1375 848 '

301 929 377 1008 apud
400 928 499 992 Gallos
521 929 697 1006 notissimo,
732 936 763 990 ut
784 929 910 1008 videtur,
935 917 1115 1009 audivisset,
1152 948 1228 1011 quos
1255 929 1333 990 duos

299 1028 411 1092 babere
444 1029 562 1106 debuit,
591 1047 645 1092 eos
666 1045 755 1092 unum
776 1029 962 1111 eundemque
979 1031 1095 1108 babuit,
1116 1039 1210 1112 ¹atque
1244 1028 1331 1090 buius

304 1145 414 1190 nomen
436 1129 548 1190 nomini
571 1128 647 1190 illius
668 1136 805 1209 tanquam
826 1147 993 1210 cognomen
1015 1131 1134 1194 adiecit.

382 1229 527 1302 Quoniam
561 1236 656 1291 autem
682 1231 941 1294 Staudenmaierus
962 1225 1250 1294 blalmesburioasem
1274 1247 1332 1310 po.

300 1329 441 1390 tissimum
463 1330 606 1410 sequitur,
627 1317 714 1392 etiarn
738 1329 776 1392 do
798 1331 857 1392 boo
874 1329 1174 1412 sigillatimnonnulla
1189 1329 1332 1392 dinamus.

282 1429 328 1492 'ls
351 1429 440 1512 igitur
457 1432 617 1511 praecipua
647 1431 676 1492 in
699 1431 755 1493 liae
775 1435 946 1495 narratione
968 1433 1005 1496 de
1026 1435 1114 1498 storo
1135 1437 1238 1494 nostro
1259 1447 1334 1494 sae-

298 1530 363 1608 pius
384 1528 577 1592 vehementer
596 1532 715 1592 erravit.

368 1629 470 1713 ,Cuius
491 1631 533 1692 rei
555 1649 642 1692 uuum
664 1630 828 1710 exemplum
856 1633 914 1694 iam
942 1634 1127 1713 protulimus,
1160 1647 1218 1692 neo
1249 1629 1333 1708 plura

300 1726 421 1791 desunt:
455 1731 496 1792 ait
518 1731 594 1804 enim
610 1735 671 1811 31),
711 1732 826 1794 Florum
841 1735 881 1809 3ἲ)
902 1734 1059 1812 scripsisse
1083 1731 1227 1820 adversim
1250 1731 1334 1796 Sooli

299 1828 404 1892 librum
427 1831 465 1892 de
488 1831 545 1892 div.
571 1835 705 1910 naturae,
726 1851 814 1913 quum
834 1835 991 1918 scripserit
1009 1832 1155 1894 adversos
1172 1832 1278 1894 librum
1292 1830 1333 1893 do

299 1929 582 2009 praedestinatione,
605 1940 634 1994 et
655 1950 731 2012 quae
749 1940 817 1994 sunt
837 1934 968 1994 eiusdem
990 1933 1121 2014 generis.
1154 1931 1272 1995 Deinde
1293 1925 1332 1992 no

299 2029 329 2090 id
354 2029 471 2108 quidem
494 2034 703 2113 negligendum
726 2040 791 2112 est,
824 2033 903 2114 quod
935 2035 965 2094 ln
995 2032 1071 2094 libro
1101 2049 1156 2094 suo
1179 2031 1217 2094 de
1236 2032 1333 2112 gestis

297 2133 402 2210 regum
426 2131 590 2212 bogiorum
601 2135 645 2210 ³³)
665 2151 727 2195 rem
749 2140 782 2196 ut
806 2135 921 2196 dubiam
945 2129 1062 2195 narrat:
1084 2135 1174 2194 utitur
1196 2132 1334 2194 ¹locutio·-

298 2231 395 2308 nibuS,
416 2233 518 2310 qualos
539 2241 606 2295 sunt
629 2233 803 2312 „creditur“
826 2270 867 2284 -
883 2240 936 2310 „ut
955 2234 1070 2296 lertur“
1092 2269 1134 2282 —-
1151 2231 1255 2311 „quod
1276 2232 1332 2294 sub

280 2331 435 2410 ambiguo
458 2349 518 2393 non
539 2332 692 2394 dixerim.“
719 2369 760 2380 -
794 2334 973 2412 Quamquam
1005 2333 1070 2394 aliis
1097 2333 1174 2394 loeis
1187 2334 1228 2408 st)
1258 2331 1333 2392 nibil

299 2431 420 2506 dubitat.
463 2432 547 2505 Quod
569 2439 665 2494 autem
688 2431 735 2495 his
757 2433 826 2514 ipsis
848 2433 922 2494 locis
955 2432 1056 2494 adiicit
1080 2439 1133 2513 „ut
1154 2451 1192 2494 ex
1213 2432 1332 2511 scriptis

299 2533 382 2612 regis
415 2532 561 2609 (Allredi)
592 2532 738 2610 intellexi,
772 2531 931 2609 (loannes)
952 2533 1084 2596 sublimis
1106 2532 1332 2596 ldalmesburiae

299 2632 432 2696 resedit“
453 2669 488 2680 -·
509 2633 585 2695 haee
607 2633 753 2713 prolecto,
778 2635 867 2695 rebus
890 2634 1018 2716 alioquin
1039 2635 1090 2712 ita,
1113 2641 1143 2698 ut
1156 2633 1332 2713 explicatum

244 2805 251 2816 ,
300 2739 363 2810 est,
391 2753 434 2796 se
463 2733 651 2807 habentibus,
679 2751 778 2812 parurn
799 2751 856 2796 nos
878 2743 1006 2798 movent
1029 2773 1069 2786 -
1089 2735 1142 2795 Est
1165 2732 1242 2792 enim
1265 2731 1331 2790 lor-

297 2840 390 2910 tasse,
415 2840 447 2894 ut
469 2853 507 2896 ex
527 2835 609 2914 regis
628 2833 744 2913 seriptis
764 2834 942 2898 intellexerit
961 2834 1132 2913 „resedisse
1152 2827 1331 2892 blalmesbu-

298 2935 363 2996 riae
384 2933 545 2996 loannem“
565 2971 604 2982 -
627 2934 669 2994 de·
684 2951 739 2996 suo
762 2943 859 2998 autem
879 2937 1036 3012 addiderit,
1056 2931 1162 2994 eadem
1184 2931 1248 2992 lere
1264 2945 1331 3016 eum

299 3032 414 3114 lngullo
437 3034 562 3114 ratione,
585 3032 697 3115 „luisse
719 3035 798 3098 hune
808 3037 947 3100 loannem
958 3036 1077 3098 Scotum
1086 3030 1279 3114 Erigenam.“
1291 3047 1332 3078 -’

297 3203 586 3219 ——m—

397 3300 477 3351 morit
495 3309 647 3369 praeterea,
675 3290 774 3354 uixisse
793 3304 869 3354 illurn
888 3300 1081 3353 Ealdaaaonem
1100 3301 1172 3370 apud
1190 3299 1281 3351 Gallos
1302 3299 1331 3348 in

398 3390 559 3441 monasterio
580 3388 746 3455 corbeiensi,
765 3409 819 3461 quo
838 3399 892 3443 tum
907 3392 998 3461 plnres
1012 3390 1129 3442 Saxones
1143 3407 1175 3441 ex
1190 3388 1331 3441 Gennanio
1417 3448 1419 3454 ‚

399 3476 527 3527 oriundos
545 3475 704 3528 educabant.
721 3508 755 3522 -·

334 3581 382 3647 31)
403 3579 436 3630 cf.
457 3578 553 3630 Thom-
574 3579 650 3632 Gale.
668 3581 714 3631 l.l.
732 3588 794 3633 teat.
815 3600 841 3653 p.
858 3579 938 3632 6-8.
954 3610 989 3620 -

335 3683 381 3750 32)
403 3683 435 3733 Η.
453 3699 477 3736 e.
495 3684 522 3735 S.
545 3683 724 3746 Prudentius,
753 3684 835 3753 episc.
862 3683 1047 3748 Tricastinos,
1063 3685 1139 3737 euius
1157 3699 1256 3734 nomen
1275 3687 1333 3731 erat

399 3770 510 3834 „Florus
528 3769 686 3823 Prudentius
702 3771 839 3824 Galindo“
856 3803 890 3816 -
908 3773 951 3825 vel
965 3774 1068 3835 Florus,
1085 3772 1212 3824 diaeonus
1224 3765 1332 3835 Lugdu·

398 3857 497 3995 aegris,
513 3860 556 3912 cui
577 3859 610 3908 ab
628 3857 763 3928 aliquibus
783 3859 854 3912 liber
871 3861 966 3914 eccles.
984 3859 1069 3931 Lugd.
1088 3859 1213 3914 adsersus
1222 3856 1332 3910 Scotum
1348 3923 1360 3950 ⁵

396 3945 430 3996 tri
455 3947 536 4000 uitur.

285 4064 286 4073 ’
330 4047 379 4116 33)
396 4049 429 4100 cf·
448 4049 538 4102 Natal.
556 4049 629 4101 dlex.
648 4050 668 4104 l.
685 4051 732 4102 eit·
750 4049 772 4121 §-
790 4049 837 4102 lll.
912 4113 915 4120 Ι

333 4154 478 4226 ddnpud
491 4155 569 4210 Gale.
586 4155 633 4207 l.l.
649 4171 677 4226 p.
695 4153 774 4209 §.a
796 4183 831 4196 ...
907 4219 909 4224 Α
