3014 4950
1121 487 1162 551 59

118 680 158 744 de
178 696 204 744 s.
229 676 418 740 Eucharistia
440 674 552 754 opinio.
594 671 795 753 berengarius
829 673 906 735 enim
935 675 1021 754 panis
1044 676 1167 756 vinique

117 779 314 845 substantiam
335 793 397 838 non
419 789 576 837 remanere
597 775 728 853 negabat
739 775 804 851 θὴς
826 774 1014 852 Rptramnus,
1037 777 1093 837 etsi
1107 777 1167 837 ob-

116 897 207 944 scura
231 875 377 939 interdum
401 871 650 954 atqueambigua
672 873 763 935 utitur
788 875 942 950 oratione,
977 873 1034 936 hae
1067 880 1166 935 tamen

116 982 150 1043 in
170 997 206 1042 re
228 996 245 1039 a
269 975 436 1038 catholicae
457 974 608 1036 ecclesiae
628 989 719 1034 sensu
740 990 802 1034 non
827 975 1018 1051 recessisti).
1049 973 1166 1035 Deinde

116 1080 175 1142 iilis
195 1075 391 1156 temporibus,
416 1074 521 1155 quibus
543 1074 876 1154 pugnuBerengariana
896 1073 1054 1154 flagrabat,
1078 1081 1168 1154 atque

117 1178 240 1242 ioannis
260 1176 343 1238 Sooti
363 1174 440 1236 iiber
461 1171 625 1235 identidem
646 1171 804 1253 tegebatur
817 1172 1081 1254 damnabaturque,
1103 1175 1168 1237 Ra-

119 1288 253 1344 tramnus
274 1275 351 1338 iliius
371 1274 481 1353 operis,
511 1272 590 1353 quod
611 1272 648 1333 ab
671 1266 708 1333 ¹eo
730 1274 871 1353 seriptum
895 1273 1026 1353 scimus,
1061 1282 1167 1336 auctor

122 1386 151 1442 et
169 1377 312 1440 eonditor
334 1381 423 1437 notus
446 1358 509 1434 fuit.
558 1374 734 1452 Anonymus
760 1373 877 1453 quidem
899 1373 947 1434 ilie
973 1374 1167 1452 Ceiiotianus,

124 1479 185 1542 sive
220 1494 287 1538 cum
315 1473 486 1538 Mnbiiionio
508 1464 705 1554 florigerum,
736 1474 874 1534 abbatem
904 1473 1168 1558 Laubiensemffl),

124 1581 172 1660 qui
194 1595 213 1639 a
237 1575 326 1638 mvn.
349 1581 484 1637 mortuus
503 1579 568 1650 est,
607 1590 673 1634 eum
708 1573 854 1654 dicimus,
876 1575 964 1652 sive,
999 1582 1031 1637 ut
1060 1576 1167 1637 Penius

127 1679 286 1743 ostendere
309 1676 502 1750 conatur⁹²)‚
535 1673 707 1750 Gerbertus,
738 1675 787 1754 qui
809 1680 916 1753 postea
939 1675 1045 1738 summi
1066 1677 1167 1756 ponti.

125 1780 187 1842 bois
208 1777 313 1840 sedem
337 1774 472 1850 obtinuit,
493 1773 519 1833 is
542 1778 588 1834 est
611 1772 777 1847 habendus,
808 1779 891 1835 certe
914 1773 1054 1836 inaudita
1075 1774 1167 1837 rnuito

126 1887 194 1942 ante
217 1877 459 1956 Berengarianos
483 1879 580 1938 motus
603 1873 792 1935 Retramuum
813 1873 858 1935 sui
886 1873 952 1934 libri
977 1875 1169 1954 conscripto-

125 1999 189 2044 rem
211 1979 304 2040 iuisse
325 1980 448 2037 testatus
470 1979 525 2034 est.
558 1971 623 2034 Huo
644 1973 774 2047 accedit,
797 1973 875 2052 quod
890 1974 1076 2037 Mabiiionius
1093 1976 1169 2038 duos

126 2079 201 2142 vidit
222 2075 375 2138 Rotnamni
396 2073 521 2135 codices
541 2073 770 2151 manuscriptos,
790 2072 1026 2154 quiBerengarii
1041 2080 1170 2136 aetatem

127 2177 217 2240 facile
240 2178 423 2255 superarent,
452 2172 603 2233 Retramni
622 2173 743 2232 nomine
763 2171 919 2252 signatos:
951 2189 1076 2253 quorum
1096 2173 1187 2236 aiter.

128 2279 161 2341 in
198 2274 323 2336 indicem
360 2273 522 2350 librorum,
559 2290 587 2334 a.
614 2271 743 2338 uxum
767 2271 947 2352 coniectum,
965 2280 998 2336 ut
1017 2275 1170 2337 Retramni

127 2379 206 2442 iiber
226 2374 334 2437 relatus
358 2373 475 2448 initii).

210 2476 324 2550 Quibus
346 2475 436 2556 igitur
457 2475 497 2534 ita
518 2472 662 2552 expositis
687 2473 778 2534 Sooto
800 2489 874 2554 opus
895 2491 980 2536 suum
1003 2473 1040 2534 de
1062 2489 1086 2534 s.
1108 2471 1172 2536 Eu·
1276 2514 1278 2521 -

134 2577 269 2640 charistia
305 2575 378 2637 satis
412 2572 522 2654 grandi
554 2579 796 2653 argumentorum
827 2573 963 2654 pondere
1000 2572 1172 2662 vindicasse

133 2679 272 2740 videmur.

211 2778 311 2856 Atque
333 2773 392 2835 hoo
413 2773 482 2835 ioco
505 2772 580 2834 satis
600 2771 702 2834 mirari
717 2788 777 2832 non
791 2787 961 2852 possumus,
984 2773 1053 2853 quid
1066 2773 1175 2835 iactum

130 2880 169 2942 sit
191 2875 354 2940 duumviris
372 2873 617 2937 Staudenmaiero
652 2879 684 2934 et
702 2873 896 2966 Sohiueter0‚
925 2874 975 2954 qui
1007 2875 1110 2950 vix⁹²t
1139 2891 1177 2937 ao

130 2995 171 3042 ne
188 2979 242 3040 vix
263 2973 435 3057 quidemn)
458 2974 642 3053 dubitantes,
675 2973 744 3052 quin
772 2974 881 3037 Suetus
901 2974 1075 3057 Berengarii
1098 2981 1176 3036 tem-

131 3127 419 3148 -,,,,,........--.

139 3225 142 3236 ·
165 3214 214 3278 89)
235 3212 269 3265 cf.
279 3197 373 3262 Ri'ttor.
393 3205 501 3260 Handb.
509 3204 558 3257 der
567 3204 773 3272 Kirchengescir.
786 3205 851 3257 edit.
862 3206 896 3259 11.
912 3206 975 3258 vot.
986 3207 1019 3270 ii,
1037 3224 1064 3277 p.
1074 3207 1133 3260 211.
1144 3238 1176 3249 -

165 3315 214 3382 90)
233 3315 267 3365 of.
290 3311 364 3364 Mab.
391 3317 450 3362 acta
474 3307 573 3360 Bened.
602 3325 671 3360 saec.
700 3309 746 3359 IV.
776 3327 802 3378 p.
830 3308 864 3360 11.
901 3311 987 3378 praef.
1008 3328 1034 3361 n.
1065 3309 1097 3361 91
1120 3326 1178 3378 seq.

233 3399 303 3451 Hist.
330 3400 414 3451 litter.
441 3395 475 3447 de
497 3397 523 3447 ia
555 3396 654 3449 Franco
676 3403 740 3448 tom.
762 3396 795 3446 V.
816 3413 843 3466 p.
863 3394 916 3448 335
935 3412 992 3467 seq.
1026 3425 1060 3435 —-
1088 3396 1179 3466 erare
1228 3449 1243 3464 ⁸

234 3485 320 3550 etiam¹
343 3485 493 3537 Centuriat.
521 3482 646 3551 Mogdeb.
666 3483 748 3551 (cent.
768 3484 811 3534 tx.
838 3499 895 3552 cap.
916 3483 951 3535 de
971 3483 1055 3534 doctr.
1075 3491 1102 3534 et
1119 3500 1177 3554 cop.

218 3573 405 3641 ,ceremoniis)
437 3571 556 3622 libenter
584 3569 635 3622 hoo
669 3569 836 3638 largiuntur,
871 3570 971 3624 habere
1006 3552 1178 3622 Ratranrrnum

233 3655 541 3710 transsubstantiationis
559 3659 675 3714 semina!
695 3687 731 3698 -

170 3763 217 3830 91)
237 3760 271 3814 of.
291 3758 364 3810 atah.
383 3767 442 3811 acto
462 3761 559 3812 Bened.
580 3778 650 3812 saec.
667 3760 712 3812 lv.
730 3779 758 3830 p.
777 3759 810 3812 11.
828 3760 912 3831 praei.
934 3759 955 3831 §.
974 3760 1020 3814 111.

173 3869 221 3934 92)
243 3867 372 3919 Thesaur.
392 3862 515 3915 anecdot.
536 3871 601 3916 tom.
618 3867 640 3918 1.
659 3864 763 3916 dissert.
783 3865 908 3932 isagogis.
929 3881 957 3932 p.
978 3863 1066 3916 111111.

170 3955 218 4025 93)
238 3955 272 4010 ef.
301 3953 373 4004 Mab.
398 3951 417 4002 1.
446 3967 469 4002 c.
500 3953 584 4019 praef.
608 3971 635 4004 n.
653 3953 696 4004 83.
732 3953 774 4003 Do
795 3953 850 4004 Pin.
869 3967 950 4002 nour.
972 3950 1098 4002 biblioth.
1117 3956 1181 4001 tom.

237 4039 295 4091 vlt.
316 4057 343 4110 p.
366 4038 410 4101 68,
430 4039 454 4092 1.
491 4038 560 4088 Hiar.
581 4040 635 4090 litt.
655 4038 688 4090 de
706 4040 732 4090 la
752 4041 793 4090 Fr.
812 4046 875 4089 tom.
893 4038 925 4098 V,
944 4055 969 4108 p.
988 4037 1050 4093 339.
1071 4067 1105 4080 -

172 4127 220 4194 9-1)
244 4127 277 4177 ci.
296 4126 452 4178 Staudeum.
471 4127 492 4177 1.
508 4125 579 4177 Scot.
602 4125 670 4191 Erig.
692 4143 718 4194 p.
736 4124 886 4177 eoo-203.

172 4213 220 4282 95)
236 4211 271 4264 ci.
288 4211 408 4268 Sohluet.
425 4215 446 4266 1.
465 4214 536 4268 Soet.
556 4211 628 4282 Erig.
646 4211 680 4264 da
699 4211 753 4268 dir·
771 4218 827 4265 nat·
845 4211 908 4264 libri
927 4211 958 4262 V.
977 4227 1004 4285 p.
1022 4209 1052 4262 V.
1161 4222 1183 4281 j
