3010 4946
286 495 346 558 118

288 668 388 730 causis
420 665 493 727 nulli
524 668 720 724 remanerent
754 659 896 727 ellectusa
927 661 1004 729 haee
1036 664 1113 724 anim
1144 663 1335 728 relativorum

293 769 412 830 ratione
447 763 535 828 simul
568 763 703 825 oriuntur
736 768 767 823 et
795 762 882 823 simul
921 762 1080 841 occidunt,
1112 769 1162 825 aut
1190 763 1278 826 simul
1306 771 1337 826 et

292 883 412 947 semper
434 868 638 944 permanent!
885 866 888 874 ⁴

384 965 494 1045 ,totus
514 965 622 1045 itaque
644 961 772 1024 mundus
794 963 823 1023 in
847 961 946 1023 Verbo
969 961 1025 1024 Dei
1048 998 1088 1010 —-
1110 963 1335 1043 -incarnato,

288 1069 483 1130 inhumanato
518 1064 616 1127 adhuc
648 1061 819 1142 specialiter
843 1063 996 1124 restitutus
1019 1067 1083 1124 est“
1113 1064 1151 1137 (i.
1172 1082 1199 1125 e.
1220 1065 1337 1128 hucus-

236 1235 238 1239 ,
293 1185 351 1248 que
372 1167 403 1229 in
436 1165 530 1242 solius
564 1170 675 1227 tantum
710 1163 799 1224 term
825 1162 934 1240 divini,
955 1169 986 1225 ut
1009 1164 1098 1239 aiunt,
1121 1163 1334 1243 humanitate];

290 1273 322 1330 in
344 1269 403 1330 hne
440 1284 513 1329 vero
549 1265 651 1328 mundi
680 1264 866 1345 generaliter
895 1271 925 1324 et
946 1264 1155 1326 universaliter
1175 1267 1204 1328 in
1227 1267 1336 1330 eodem

288 1368 519 1431 restaurabitur.
577 1364 664 1440 Quod
696 1365 775 1425 enim
809 1363 839 1425 ln
860 1381 894 1426 se
918 1365 984 1443 ipso
1008 1365 1179 1443 specialiter
1199 1367 1337 1446 perfecit,

290 1467 475 1550 generaliter
506 1468 536 1527 in
565 1465 702 1525 omnibus
737 1463 881 1543 perficiet.
934 1463 1001 1525 Non
1039 1465 1108 1525 dico
1139 1465 1170 1526 in
1196 1467 1336 1530 omnibus

291 1568 461 1629 hominibus
500 1563 709 1640 solummodo,
742 1563 796 1624 sed
834 1563 863 1624 in
893 1564 975 1624 omni
1011 1564 1146 1626 sensibili
1186 1574 1335 1630 creatura.

292 1670 389 1751 lpsnm
413 1668 559 1749 siquidem
582 1667 638 1728 Dei
661 1665 796 1738 verbum,
818 1665 939 1745 qnando
956 1667 1074 1746 accepit
1099 1666 1256 1729 humanam
1277 1686 1337 1730 na-

293 1781 400 1848 turam,
419 1769 530 1833 nullam
553 1774 686 1830 creatam
709 1767 903 1828 substantiam
934 1769 1144 1847 praetermisit,
1165 1786 1253 1849 quam
1273 1787 1334 1832 non

292 1874 419 1952 accepit.
462 1870 508 1932 Ao
530 1885 585 1950 per
607 1868 676 1944 boc,
699 1867 726 1928 si
747 1866 904 1928 humanam
926 1873 1079 1944 naturam,
1102 1885 1190 1948 quam
1210 1871 1336 1950 accepit,

292 1969 420 2035 salvavit
441 1969 683 2041 atramentarii,
708 1984 828 2028 omnem
849 1966 987 2047 prolecto
1014 1975 1199 2046 creaturam,
1227 1971 1336 2034 visibi-

293 2075 354 2136 lem
379 2078 409 2134 et
429 2068 621 2145 invisibilem,
638 2070 857 2130 ,restauravitl‘
885 2099 916 2124 =
943 2069 995 2146 (V,
1016 2070 1054 2130 95
1067 2090 1076 2145 ;
1101 2070 1140 2132 ef.
1164 2071 1198 2149 V,
1224 2070 1275 2148 et,
1294 2070 1336 2134 36

293 2182 336 2254 [p.
357 2173 417 2240 289
439 2169 511 2232 edit.
528 2168 663 2252 ·0xon.];
696 2168 747 2247 ΙΙΙ,
770 2169 832 2245 903-
855 2167 906 2247 lv,
927 2171 948 2232 5
971 2178 1012 2250 [p.
1034 2171 1093 2232 17¹0
1116 2170 1186 2234 edit.
1207 2171 1337 2250 Onon.];

292 2266 595 2352 mQstQ-

395 2372 494 2452 Atque
518 2369 577 2432 boc
597 2365 747 2450 prolecto,
784 2369 810 2430 si
833 2369 1004 2448 quidquam,
1025 2370 1100 2430 artis
1121 2371 1205 2431 istius
1226 2369 1338 2453 Erige-

292 2473 402 2534 nianae
426 2472 578 2552 specimen
602 2474 649 2529 est
668 2467 840 2530 dicendum.
884 2471 977 2542 Quam
993 2472 1103 2532 misere
1119 2470 1197 2533 banc
1219 2471 1338 2534 doetri-

292 2588 351 2635 nae
374 2571 556 2634 christianae
578 2573 693 2648 partem
716 2569 927 2649 inuliginosis
951 2572 1016 2630 istis
1037 2587 1194 2632 caereorum
1215 2587 1335 2634 suarum

291 2671 527 2755 primordialium
561 2669 780 2749 effectuumque
811 2687 852 2730 ex
885 2670 922 2731 iis
950 2670 1336 2751 prolluentiumpaludibus

291 2773 395 2854 polluit
416 2778 505 2852 atque
524 2769 669 2850 turpavit!

386 2872 490 2953 Neque
517 2872 641 2948 Scelus,
676 2867 745 2930 dum
778 2870 851 2930 satis
869 2868 940 2930 sibi
964 2876 1106 2931 constare
1130 2871 1211 2946 velit,
1234 2872 1336 2934 ecele-

293 2976 360 3055 siae
381 2974 488 3035 ¹verbis
519 2972 625 3034 dicere
657 2977 766 3050 queat:
801 2970 875 3048 ,Qui
909 2978 1031 3050 propter
1052 2988 1120 3032 nos
1148 2971 1285 3037 homines
1306 2977 1337 3032 et

295 3077 419 3156 propter
452 3080 586 3135 nostram
600 3099 603 3128 ι
618 3071 744 3134 salutem
767 3071 926 3133 deseendit
946 3070 984 3132 de
1006 3072 1139 3141 coelo!“
1164 3107 1202 3120 —
1223 3075 1278 3136 sed
1299 3073 1339 3134 ad

294 3192 368 3236 suae
399 3174 607 3254 philosophiae
639 3172 746 3253 placita
777 3173 837 3233 hnc
858 3172 957 3251 potius
985 3172 1090 3236 dicere
1111 3173 1235 3238 debeat:
1264 3175 1340 3252 „Qui

294 3280 420 3356 propter
439 3279 535 3336 semet
556 3274 653 3353 ipsum
681 3279 711 3333 et
733 3279 857 3353 propter
883 3272 963 3334 hanc
981 3291 1081 3335 rerum
1103 3273 1338 3352 universitatem,

294 3382 416 3455 propter
451 3391 537 3436 suam
573 3373 665 3453 ipsius
696 3378 727 3432 et
756 3379 880 3453 propter
908 3371 994 3435 huius
1017 3392 1117 3437 rerum
1134 3374 1340 3438 universitatis

294 3475 421 3538 salutem
442 3472 602 3538 descendit
621 3473 659 3535 de
681 3473 812 3541 coelo!“
834 3507 875 3524 -·

609 3697 612 3706 Δ
705 3651 708 3659 ·
764 3627 872 3706 §.sn

379 3781 528 3854 Quoniam
561 3783 689 3860 denique
725 3783 826 3861 operis
846 3777 941 3843 nostri
965 3782 1139 3863 Erigeniani
1162 3786 1339 3848 sententiam

295 3881 335 3943 de
363 3887 492 3961 peccato
522 3889 553 3943 et
584 3882 700 3962 peccati
731 3899 831 3961 poena
852 3899 953 3944 sumus
974 3887 1149 3962 exposituri,
1169 3888 1218 3967 qui
1236 3889 1339 3966 operis

297 3982 336 4044 de
357 3982 636 4062 praedestinatione
657 3983 826 4045 doctrinam
850 3983 905 4058 (cl.
928 3999 1017 4064 supra
1041 4003 1105 4067 cap.
1126 3985 1192 4060 lv.)
1211 3987 1340 4066 noverit,

296 4083 385 4144 etiam
409 4081 487 4145 bano
510 4083 575 4144 lere
598 4085 749 4163 cognitam
770 4082 901 4148 habebit.

382 4182 420 4243 Α.
463 4183 485 4244 l.
531 4182 680 4263 Quidquid
715 4199 785 4246 esse
817 4183 925 4246 dicitm
945 4183 1030 4263 mati,
1055 4181 1289 4247 substantialiter
1307 4185 1338 4248 in
