3010 4946
313 416 372 480 tto

407 591 455 654 tv.
481 592 563 654 llaec
584 591 714 672 denique
733 598 890 674 postquam
910 599 980 656 sunt
1001 592 1170 674 disputata,
1195 595 1284 660 facile
1307 606 1355 660 est

309 692 349 755 ad
372 691 606 772 intelligendum,
628 709 715 772 quam
739 693 847 756 Sootus
871 694 935 754 iure
959 711 1014 756 suo
1036 703 1066 756 et
1088 695 1165 758 liaeo
1185 700 1355 778 scripserit:

309 793 408 872 ,Deus
431 798 557 872 pennata
582 793 676 878 punit,
700 799 741 869 el,
763 799 798 853 ut
818 793 923 854 aerius
946 794 1055 873 diemo,
1071 797 1176 874 prmirr'
1195 798 1294 861 sinit.“
1314 837 1354 850 --

308 893 402 972 ,blata
425 892 563 954 voluntas
580 894 850 972 praevaricantium
871 894 961 957 totius
984 898 1106 976 peceati·
1125 903 1155 958 et
1176 899 1357 978 101100000-

307 1010 367 1054 000
384 991 506 1071 peccati
540 1010 630 1053 causa
654 991 763 1054 ellicax
785 998 859 1054 esl.“
906 994 963 1069 (1.1.
986 1013 1013 1075 0.
1037 995 1232 1072 969-270.)
1256 1033 1300 1048 *-
1321 1000 1355 1062 ln

307 1093 386 1156 libro
411 1091 448 1154 de
470 1094 748 1173 praedestinatione
770 1093 826 1169 (01,
850 1112 914 1174 sup.
939 1113 1005 1175 cap.
1027 1095 1103 1174 111),
1118 1115 1177 1176 000
1192 1099 1256 1179 ipse
1278 1118 1355 1162 sen-

307 1197 466 1256 tentiarum
492 1210 606 1269 nexus,
632 1201 665 1254 ut
701 1193 862 1274 diligenter
886 1193 924 1256 de
948 1209 1022 1260 voro
1042 1213 1207 1276 poenarum
1229 1205 1355 1262 auctore

306 1295 527 1374 inquireretur,
562 1293 653 1356 multo
690 1295 790 1358 aurius
826 1294 1015 1374 postulabat,
1036 1295 1106 1360 illud
1128 1299 1237 1376 ipsum,
1258 1299 1354 1362 nullas

307 1413 329 1456 0
349 1394 404 1456 deo
425 1411 540 1474 poenas
564 1394 717 1470 constitui,
740 1396 820 1456 omni
842 1396 948 1464 uirium
971 1400 1164 1462 contentione
1187 1394 1263 1460 tueri
1283 1406 1353 1461 stu-

309 1494 380 1555 duit.
424 1491 511 1566 Quod
548 1500 655 1580 autem*
673 1494 768 1583 maius
792 1495 881 1556 etiam
903 1502 960 1570 est,
981 1496 1045 1575 ipsa
1067 1497 1132 1558 eius
1154 1497 1354 1578 philosophia,

307 1602 339 1659 ut
358 1594 419 1656 hoo
449 1592 592 1672 doceret,
628 1611 695 1658 eum
729 1597 842 1676 coegit.
895 1596 1028 1676 Namque
1066 1615 1104 1658 ex
1128 1597 1214 1660 buius
1236 1599 1353 1679 placitis

307 1695 382 1758 deus
404 1695 478 1755 nibil
517 1695 596 1757 aliud
628 1687 723 1772 novit,
755 1696 814 1756 nisi
852 1713 928 1774 quae
957 1701 1026 1756 sunt
1063 1697 1263 1774 7,0010100110ι
1302 1707 1354 1764 aut

306 1794 543 1857 substantialium
589 1793 758 1856 accidentia
792 1794 982 1872 naturaliat‘,
1011 1796 1197 1876 proindeque
1232 1804 1351 1878 ,totum

307 1893 399 1974 00001
412 1893 522 1955 dieitur
543 1893 682 1970 malum“,
702 1911 792 1972 00οι0
814 1894 845 1954 10
859 1892 951 1954 bisne
974 1911 1036 1964 non
1058 1895 1234 1975 reperiatur,
1265 1915 1351 1977 ,om-

305 1996 380 2056 nino
409 1996 557 2074 ignorat.“
590 1993 647 2068 (01.
678 1999 706 2066 §.
737 1995 788 2056 b'l.
820 1994 859 2068 A,
892 1994 952 2074 tv.)
975 2033 1015 2044 -
1038 1995 1104 2068 Quo
1137 1995 1275 2075 prolecto
1307 1999 1349 2075 lit,

304 2100 347 2172 ut,
370 2094 488 2154 etiamsi
523 2093 597 2155 deus
632 2094 697 2172 ipse
720 2094 891 2155 bominibus
922 2096 1029 2173 impiis,
1052 2096 1159 2174 quibus
1181 2098 1350 2174 puniuntur,

306 2195 478 2270 constituat,
499 2193 560 2256 boo
580 2201 679 2257 lamen
702 2195 886 2274 imprudens,
909 2197 1018 2258 nedum
1037 2213 1100 2260 non
1120 2195 1225 2276 001000
1248 2198 1348 2260 iaciat.

192 2345 196 2350 ,
304 2295 407 2376 ltaque
425 2295 515 2378 ,deus
548 2301 674 2376 peecata
707 2312 768 2358 non
790 2297 882 2376 punit,
905 2296 972 2374 sed,
996 2298 1034 2359 ad
1055 2315 1211 2370 summum,
1233 2299 1350 2377 ,puniri

222 2444 226 2454 .
304 2397 456 2473 sinit³⁵).“

660 2557 664 2564 ·
777 2539 818 2629 §J
833 2549 884 2612 58.

402 2681 507 2748 Totum
528 2680 619 2762 igitm
637 2679 697 2743 hoo
719 2681 814 2742 nostri
838 2681 990 2742 decretum
1020 2678 1058 2740 de
1080 2680 1213 2758 peccatis
1233 2697 1347 2758 pecea-

302 2767 461 2863 tprumque
502 2782 628 2862 poenis,
665 2782 695 2842 id
730 2781 810 2862 quud
845 2782 917 2842 satis
939 2780 1128 2868 patefecisse
1159 2781 1345 2860 arbitramur,

302 2883 433 2946 maxima
453 2899 527 2945 sane
548 2883 795 2964 gravissimorum
817 2879 1159 2964 errorum-multitudine
1181 2887 1228 2942 est
1246 2879 1347 2942 reler-
1434 2884 1439 2894 ’

223 3065 231 3072 ἱ
304 2991 376 3048 tum.
429 2983 513 3057 Quos
539 2984 577 3043 de
608 2983 728 3064 integro
750 2982 906 3064 sigillatim.
923 2998 1085 3042 recensere
1109 2998 1253 3066 nauseam
1276 2988 1346 3042 tan-

303 3083 455 3146 tummodo
477 3084 675 3146 excitaturum
695 3084 882 3144 arbitramur.
932 3082 982 3143 llla
1004 3089 1113 3158 autem,
1134 3099 1212 3161 quae
1233 3099 1347 3144 summa

303 3185 341 3259 ab
364 3184 429 3246 istis
450 3185 539 3265 nugis
560 3184 640 3244 vitae
664 3185 728 3244 usui
751 3183 858 3244 damna
880 3189 991 3263 queant
1003 3181 1120 3259 inferri,
1142 3181 1238 3262 magis
1261 3181 1347 3261 quasi

303 3284 334 3348 in
361 3289 466 3363 aperta
490 3283 557 3344 1000
577 3283 755 3344 collocanda
769 3300 838 3344 esse
859 3283 1026 3344 videantur.
1069 3281 1152 3344 Haeo
1172 3281 1262 3362 igitur
1283 3281 1345 3342 im-

301 3385 406 3466 primis
428 3384 458 3444 in
481 3384 540 3446 isto
570 3400 631 3445 uno
665 3384 762 3461 posita
785 3389 852 3444 sunt
876 3382 985 3459 omnia,
1008 3381 1088 3462 quod
1111 3380 1185 3441 deus
1206 3396 1265 3440 000
1297 3379 1346 3460 qui

228 3557 230 3562 ,
301 3489 441 3566 peccant,
463 3501 521 3545 000
543 3501 621 3564 0000
636 3490 810 3564 peccantur,
832 3483 891 3544 ulla
905 3484 1023 3544 ratione
1047 3480 1216 3542 dicituraut
1239 3496 1346 3543 ourare

302 3592 354 3650 aut
384 3585 517 3647 nouisse.
568 3585 640 3646 Sola
673 3584 750 3645 male
788 3583 934 3646 laetorum
973 3583 1160 3662 conscientia
1190 3598 1276 3658 eum,
1296 3583 1346 3661 qui

300 3685 459 3769 peccando
492 3683 638 3764 indulget,
670 3701 769 3763 poena
806 3683 918 3762 allicit,
947 3720 989 3731 -
1017 3679 1083 3744 sola
1104 3681 1182 3744 male
1199 3679 1345 3742 lautorum

336 3855 385 3924 35)
405 3855 587 3918 Sohlueterur,
604 3857 670 3906 licet
692 3849 901 3922 (0111110000.)
925 3849 998 3900 Seoti
1018 3847 1179 3898 sententiam
1199 3843 1232 3895 de
1253 3844 1346 3906 „malo

402 3953 430 3996 et
450 3943 485 3994 de
504 3951 675 4013 peccatorum
694 3941 806 4006 poenis‘⁸
824 3967 859 3978 -
874 3934 1073 3988 defendendam
1091 3931 1248 4000 susceperit,
1267 3930 1346 3982 ideo-

400 4047 454 4100 que
475 4029 510 4082 da
538 4029 673 4082 industria
699 4026 846 4090 eremium,
873 4025 983 4076 illorum
1004 4031 1095 4074 temen
1114 4033 1243 4081 errorum,
1261 4019 1345 4089 qula

400 4119 478 4170 uobis
499 4126 563 4170 suut
578 4117 676 4180 notati,
693 4132 729 4168 ne
750 4114 835 4165 011οι0
854 4111 963 4182 quidem
984 4108 1114 4180 reperisse
1131 4103 1252 4160 ridetur!
1273 4135 1308 4146 -·
