3014 4950
319 467 360 534 40

316 653 406 710 tutem
428 646 658 726 compelluntur:
695 647 873 710 adiuvantur
903 649 1001 709 autern
1030 649 1128 730 gratm
1157 647 1276 727 divina,
1308 651 1357 712 cui

320 754 522 827 cooperantur
542 764 595 808 sua
617 746 754 809 libertate
776 747 984 824 tamennon«

399 847 436 910 V.
479 846 564 926 ,Mali
586 848 728 928 pravique
749 847 886 910 homines
907 847 1014 928 nullius
1037 851 1143 911 coactu
1164 848 1204 910 ad
1224 865 1359 929 peccan-

317 947 385 1009 dum
407 946 630 1028 pereundumve
653 947 829 1030 adiguntur,
863 949 996 1028 quamvis
1019 965 1078 1033 ss.
1103 953 1243 1010 auctores
1265 947 1357 1010 modo

316 1047 444 1130 quodam
477 1047 621 1110 abusivae
652 1048 813 1113 locutionis
843 1050 961 1112 soleant
995 1049 1098 1112 dicere
1118 1049 1360 1130 praedestinatos

317 1147 355 1210 ad
379 1153 515 1224 mortem,
537 1149 583 1209 vel
607 1149 770 1226 interitum,
793 1149 841 1210 vel
862 1167 998 1230 poenam.
1021 1187 1061 1198 -
1083 1149 1178 1212 Omne
1194 1154 1361 1229 peccalum,

319 1249 477 1328 omnisque
499 1249 615 1330 peccati
639 1265 756 1329 poenae
777 1251 896 1330 propria
917 1250 1046 1314 bominis
1068 1249 1229 1330 voluntale,
1261 1249 1358 1312 libero

316 1349 441 1410 arbitrio
463 1348 540 1410 male
560 1349 681 1426 utentia,
706 1352 948 1428 nascuntur²⁶).“

399 1449 442 1510 Dc
462 1447 558 1509 libero
578 1447 738 1510 voluntatis
759 1451 882 1512 arbitrio
903 1451 1011 1513 Scotus
1042 1447 1118 1512 baec
1143 1449 1257 1512 docett'
1290 1450 1357 1529 „qui

315 1554 424 1611 tantum
445 1554 528 1610 recte
553 1549 656 1611 vivere
677 1550 790 1628 possit,
824 1567 885 1612 non
907 1565 1019 1630 prave,
1054 1569 1121 1613 curn
1150 1567 1210 1611 non
1238 1549 1356 1629 penitus
1431 1629 1436 1642 Ι
1490 1548 1491 1614 l

315 1667 385 1710 csse
407 1647 549 1724 liberum3
581 1649 706 1712 liberum
729 1652 807 1712 eninr
828 1650 980 1712 arbitrium
1002 1667 1072 1711 esse
1091 1650 1270 1712 electionem
1292 1649 1358 1710 sive

316 1749 400 1825 boni,
422 1748 486 1810 sivo
508 1749 656 1826 mutiunt

398 1849 475 1911 lliuc
502 1855 600 1912 autern
625 1848 712 1925 (inde
734 1867 750 1910 a
772 1865 838 1928 cop.
862 1849 920 1923 lX)
942 1850 1000 1912 iarn
1024 1849 1093 1928 ,tibi
1118 1846 1358 1928 copiassmanabit

315 1947 353 2011 ad
366 1949 483 2029 plenum
495 1949 644 2029 bauigno“
658 1965 793 2010 errorum
809 1948 1044 2030 ineptiarumquc
1065 1947 1220 2028 ,opulenta
1235 1955 1357 2009 cornu.“

315 2048 347 2110 ld
371 2066 459 2128 quum
481 2043 632 2128 inpriore
654 2054 737 2128 parte
759 2049 849 2110 multo
878 2051 974 2110 minus
996 2065 1051 2110 usu
1072 2049 1198 2123 veniret,
1218 2059 1294 2128 quae
1314 2047 1357 2108 ibi

305 2139 354 2210 ¹eu
366 2165 403 2210 co
413 2165 527 2229 genere
539 2149 752 2228 reperirentur,
763 2148 936 2228 plerumque
950 2148 1087 2210 consulto
1095 2148 1357 2228 praetermisimus.

399 2249 497 2329 Atque
518 2247 576 2309 lico
596 2249 627 2308 in
648 2253 731 2329 parte
752 2249 835 2328 (cap.
856 2233 896 2310 lX
918 2284 959 2297 -
983 2266 1047 2328 cap.
1069 2247 1155 2325 XlX)
1179 2248 1357 2327 disputatio-

315 2365 384 2410 nem
416 2365 500 2409 suam
534 2349 643 2409 Scotus
671 2365 726 2428 per
758 2347 848 2428 longa
879 2346 1025 2428 quaedam
1054 2355 1142 2427 atquc
1165 2347 1356 2409 tenebricosa

314 2450 421 2529 itinera
445 2447 648 2510 circumducit.
684 2447 758 2510 llam
781 2453 872 2509 totam
897 2449 926 2508 iu
947 2465 1037 2511 unum
1059 2465 1168 2528 corpus
1190 2444 1356 2524 collectam,

316 2548 450 2611 adhaec
470 2549 603 2610 resecari
627 2563 717 2628 posse
739 2549 983 2610 existimavimus.

398 2648 546 2729 Quidquid
570 2665 639 2710 csse
660 2654 778 2728 putatur
797 2648 923 2728 peccati,
953 2645 1095 2727 quidquid
1116 2644 1357 2726 diciturpacca-
1410 2713 1416 2724 Ι

315 2750 413 2810 torum
436 2763 553 2828 poenae
585 2781 626 2794 -
656 2747 778 2808 omnino
808 2745 881 2808 nibil
913 2752 968 2808 est.
1011 2745 1121 2825 ,Nemo
1153 2746 1265 2822 (enlm)
1295 2725 1353 2804 riou

316 2848 408 2926 videt,
437 2849 495 2910 nisi
518 2848 567 2927 qui
590 2863 682 2908 sensu
704 2853 797 2922 caret,
819 2852 922 2922 totum,
949 2845 1029 2926 quod
1053 2845 1171 2919 dicitur,
1200 2851 1354 2925 peccatum

315 2950 440 3030 eiusque
461 2929 714 3026 consequentias,
748 2953 872 3008 mortem
906 2953 995 3028 atqua
1025 2947 1174 3008 miseriam
1192 2962 1254 3006 non
1277 2943 1356 3006 aliud

299 3033 402 3126 ¹essa,
435 3067 522 3130 quam
541 3050 678 3127 integrae
701 3046 780 3108 vitae
803 3046 969 3128 beataeque
999 3047 1228 3126 corruptiones,
1258 3049 1298 3107 ita
1325 3050 1356 3106 ut

315 3148 453 3230 singulae
481 3145 607 3229 singuiis
636 3152 838 3226 opponantur,
875 3147 1039 3227 integritati
1073 3152 1246 3227 peccatum,
1280 3145 1358 3206 vitae

316 3267 409 3327 mors,
430 3247 607 3311 beatitudini
625 3249 765 3310 miserias
790 3248 837 3310 illa
859 3254 938 3326 sunt,
958 3246 1035 3309 baec
1055 3250 1172 3328 ponitus
1194 3262 1254 3309 uon
1275 3253 1358 3321 sunt3

285 3345 288 3360 '
316 3352 365 3414 illa
389 3353 465 3414 intra
487 3348 631 3410 terminos
650 3347 825 3409 naturalium
858 3347 1019 3410 formarum
1048 3347 1260 3428 intelliguntur,
1281 3346 1359 3408 hacc

316 3429 471 3516 lucarum
496 3449 615 3511 delectu
636 3455 725 3528 atque
746 3450 915 3530 privatione
935 3448 1100 3510 nesciendo
1126 3449 1280 3525 sciuntur;
1310 3449 1359 3510 illa
1439 3471 1443 3486 ·

318 3552 489 3628 materiam,
509 3551 652 3628 tonnam,
675 3551 807 3630 speciem
827 3548 956 3629 habent,
983 3548 1060 3613 baec
1081 3550 1224 3630 materia,
1253 3551 1358 3626 lorma,

319 3653 421 3736 specie
444 3655 628 3728 carantana
649 3687 690 3699 -

337 3806 620 3818 --——-—.—-.--.

354 3883 404 3952 25)
424 3885 458 3936 cl.
476 3884 521 3949 lV,
540 3885 623 3952 3-83
644 3883 690 3947 lll,
715 3885 740 3936 7.

341 3972 401 4043 Ὦό)
424 3978 457 4028 cl.
478 3980 510 4043 V,
529 3979 550 4051 5.
574 3979 664 4044 1-53
685 3977 728 4038 Vl,
751 3975 838 4031 1-3.

355 4069 402 4132 27)
419 4074 453 4124 cs.
473 4077 503 4140 V,
522 4072 617 4124 8-9.

357 4175 404 4241 28)
423 4177 457 4228 cf.
476 4179 506 4242 X,
524 4175 549 4240 t,
569 4177 595 4242 5,
614 4176 645 4240 35
665 4174 768 4244 xv„t‚
786 4172 812 4236 3,
829 4172 883 4224 5-
896 4171 929 4238 6;
947 4179 974 4224 et
992 4168 1097 4239 passim
1119 4195 1152 4208 -
1171 4165 1293 4219 Ceterum
1311 4165 1362 4218 boc
