3010 4946
1127 521 1193 584 leo

153 702 326 760 tentaretur.
369 697 401 760 si
424 696 454 758 in
475 695 525 756 illo
550 700 639 772 statu,
663 710 722 774 quo
743 694 818 757 deus
841 695 934 774 ipsum
964 695 1098 776 primitus
1119 713 1194 760 con-

154 797 282 874 diderat,
302 797 471 874 mansisset,
494 797 524 858 in
547 781 696 857 diabolum
709 813 770 858 noo
791 797 976 859 incurrisset.
1018 797 1103 860 Prius
1119 814 1194 880 erpo

150 899 324 976 descendit,
360 913 523 978 perversae
554 897 719 960 voluntatis
752 903 834 959 motu
860 897 1020 978 impulsus,
1042 898 1122 966 etin
1143 914 1194 960 res

146 999 332 1079 temporales
355 1017 389 1068 so
412 998 639 1079 praecipitavit:
661 997 801 1062 cadendo
822 1004 919 1062 autem
943 1017 960 1061 a
982 999 1103 1062 diabolo
1124 1011 1194 1068 saa.

149 1101 244 1162 cintus
267 1105 299 1164 et
320 1100 463 1180 spoliatus
485 1104 558 1162 est.“
581 1097 645 1175 (Ν,
670 1100 724 1175 15;
745 1097 783 1160 ci.
803 1098 851 1176 lll,
871 1099 943 1176 23.)
1127 1169 1130 1174 Δ

615 1258 645 1326 s.
673 1252 723 1314 ua.
822 1235 824 1243 ’

246 1406 382 1488 ,Peccali
402 1406 507 1468 merito
537 1407 640 1486 primis
663 1406 834 1469 hominibus
863 1419 992 1486 corpora
1013 1409 1082 1466 sunt
1103 1404 1191 1467 data:

149 1517 220 1571 ante
240 1514 394 1589 peccalum
429 1509 519 1570 homo
550 1515 651 1572 tantae
682 1509 897 1589 spiritualitatis
925 1509 1031 1584 luerat,
1052 1513 1088 1568 ut
1104 1506 1192 1569 nohis

146 1612 250 1672 usibus
272 1609 473 1690 corporalium
495 1627 637 1672 sensuum
651 1612 809 1693 indigeret,
829 1609 956 1692 soloque
975 1608 1192 1690 intelligentiae
1285 1608 1290 1616 '

148 1711 252 1774 olhcio
276 1709 453 1778 frueretur.“
475 1709 538 1788 (lv,
562 1709 611 1789 16,
636 1711 701 1788 19.)
810 1736 813 1742 ·

616 1877 647 1946 p.
670 1865 721 1928 53.

185 2099 187 2103 Ι
243 2018 304 2084 Sed
334 2035 411 2100 quae
442 2019 561 2081 tandem
594 2025 663 2080 sunt
693 2020 751 2080 ista
785 2033 931 2100 nugarum
963 2020 1117 2088 monstra!
1149 2059 1191 2074 --

147 2119 219 2182 ldeo
244 2121 322 2182 hano
347 2137 446 2182 rerum
478 2120 704 2183 universitatem
722 2137 754 2180 -a
789 2118 847 2181 deo
880 2119 1051 2195 conditam,
1071 2122 1136 2181 sive
1158 2122 1191 2183 in

145 2225 252 2281 statum
279 2221 460 2283 deteriorem
491 2219 661 2298 detrusam,
692 2226 726 2282 ut
753 2219 883 2297 homini,
912 2237 1007 2300 quem
1029 2218 1109 2282 'deus
1136 2237 1191 2282 sua

147 2325 254 2398 sponte
284 2321 473 2400 propediem,
491 2321 569 2383 istuc
588 2320 792 2402 proiecturum
812 2320 1037 2401 praescivisset,
1060 2327 1190 2400 et-‘poa—

146 2420 261 2482 nitendi
281 2429 311 2483 et
332 2439 366 2483 se
402 2421 575 2503 corrigendi
607 2421 729 2496 daretur
751 2419 852 2483 locus!
897 2419 982 2481 Hanc
1002 2421 1096 2500 ipsam
1120 2435 1190 2482 esse

146 2521 233 2601 primi
268 2520 398 2582 hominis
435 2523 746 2600 praevaricationem,
781 2537 868 2602 quam
900 2527 1025 2597 uocant,
1047 2520 1129 2600 ¹quod
1151 2519 1191 2582 de

144 2635 302 2680 causamn
337 2621 570 2699 primordialium
601 2621 675 2684 sede
707 2621 737 2684 b.
772 2639 800 2682 e.
833 2639 873 2682 ex
894 2621 960 2701 ipso
985 2620 1044 2682 deo
1066 2619 1190 2700 eiusquue

142 2719 204 2782 filio
226 2719 390 2800 ·unigenito
425 2721 456 2781 in
491 2721 570 2782 bano
601 2727 733 2800 terram,
766 2721 861 2783 brulis
895 2719 1071 2784 animalibus
1098 2720 1190 2781 inco*-

143 2820 282 2896 lendam,
310 2838 380 2883 sese
419 2821 591 2890 demiserit!
644 2823 710 2885 Non
743 2822 834 2884 modo
866 2828 935 2902 post
954 2820 1190 2902 peccalumde-

147 2939 234 2998 mum,
257 2921 311 2983 sad
326 2923 416 2983 eliam
438 2929 561 3002 propter
581 2923 677 3004 solum
699 2929 855 3002 peccatum
877 2923 934 2983 isla
956 2921 1190 2983 utriushominis

144 3021 294 3084 divisione
321 3023 409 3084 'duos
440 3023 576 3087 homines
608 3041 682 3084 esse
709 3023 822 3091 lactus!
880 3023 1029 3086 diabolum
1052 3019 1189 3094 homines

145 3122 220 3184 intra
246 3123 297 3184 leli
318 3124 364 3184 sui
400 3124 509 3186 iactum
541 3124 714 3205 accepisset
750 3140 899 3204 corpora,
923 3141 1001 3204 quae
1021 3131 1188 3206 gestamus,

135 3221 295 3285 bominum
315 3224 423 3304 generi
443 3223 531 3285 dalai
640 3253 642 3258 =

242 3325 327 3398 Quae
352 3331 398 3386 est
420 3326 476 3386 ista
502 3324 660 3386 doctrinae
683 3323 864 3388 christianae
888 3332 918 3387 et
938 3343 1046 3388 sacrae
1060 3327 1188 3406 scriptu.

143 3441 208 3502 rae,
231 3431 263 3486 ut
284 3427 326 3486 ita
359 3425 515 3502 dieamus,
546 3426 647 3487 irrisio
683 3431 714 3486 et
747 3424 927 3515 lpdificalio!
973 3426 1068 3498 Quam
1090 3432 1189 3488 autam

142 3523 218 3585 haec
241 3525 306 3603 ipsa
336 3543 396 3604 res,
427 3526 457 3590 id
492 3523 572 3606 quod
602 3524 691 3586 nobis
721 3525 857 3603 prolecto
891 3527 1099 3606 gravissimum
1132 3533 1189 3602 est,

143 3619 219 3686 sola
241 3623 305 3685 iere
338 3623 424 3687 huius
457 3626 524 3688 libri
557 3624 745 3705 philosophia
781 3632 870 3706 atque
891 3624 994 3689 indole
1017 3633 1047 3688 et
1068 3624 1189 3706 prodiit,

145 3731 176 3784 et
195 3723 319 3804 prodire
341 3725 462 3794 debuit!
485 3761 521 3776 -
544 3727 679 3807 Namque
699 3729 807 3788 Scelus
830 3727 1005 3806 ceteroquin
1028 3743 1087 3788 nec
1110 3725 1189 3788 doo-

143 3825 249 3886 trinam
275 3823 467 3888 christianam
490 3845 547 3890 nec
568 3845 685 3889 sacram
706 3828 883 3907 scripturam
905 3827 965 3889 ullo
989 3833 1078 3906 pacto
1097 3844 1188 3921 spre-

144 3924 186 3984 vit
208 3931 259 3986 aut
292 3925 477 4006 repudiavit;
508 3926 568 3988 boo
601 3927 696 4000 solum
729 3927 811 4004 lecit,
833 3934 865 3990 ut
885 3945 959 3990 suae
980 3925 1187 4008 philosophiae

141 4024 261 4102 placitis
291 4029 371 4108 ipses
405 4027 630 4090 accomodaret.
665 4029 769 4102 ¹Quod
791 4047 849 4109 qua
874 4036 937 4092 arlo
960 4028 1105 4105 effecerit,
1128 4026 1187 4088 iam

142 4141 232 4204 supra
262 4133 309 4204 (p.
331 4127 384 4202 38,
408 4127 430 4202 l,
453 4127 505 4203 V.)
530 4127 806 4208 animadvertimus
828 4148 886 4192 nec
908 4147 968 4192 non
993 4129 1073 4192 illico
1095 4128 1186 4190 elaris

142 4223 254 4304 aliquot
269 4219 463 4291 ‘documentis
484 4227 687 4292 ostendemus.
