3010 4946
1154 463 1194 528 73

152 645 376 710 loannisSooti
398 643 575 706 derisione
607 643 666 728 dei.
709 645 822 706 Omnes
856 659 963 706 sensus
990 646 1130 725 corporei
1157 653 1197 707 ex

152 746 364 810 coniunctione
400 752 562 806 nascuntur
589 747 707 806 animae
745 751 775 806 et
795 744 1010 824 corporisne
1031 779 1072 792 -
1093 746 1197 828 Argu-

152 852 282 909 rnenturn
303 844 406 922 libelli,
430 845 461 908 ni
482 845 608 922 saliatur,
628 847 658 906 in
682 845 788 908 eadem
810 863 855 922 re,
877 847 926 921 ait,
944 853 1093 908 versatum
1116 863 1196 925 esse,

153 965 212 1028 qua
232 946 325 1026 Lupi,
362 945 479 1008 abbatis
499 946 721 1022 Ferrariensis,
759 946 885 1026 epistola
907 944 1002 1010 XXX.
1023 946 1060 1007 ad
1084 945 1199 1009 Gotbe-

154 1046 306 1124 scaloum,
341 1045 518 1108 monachum
552 1045 765 1108 orbacensem.
810 1045 893 1120 Quae
927 1045 999 1125 Lupi
1032 1045 1197 1126 epistolai)

154 1147 252 1209 loeurn
274 1145 421 1226 quendam
447 1145 592 1224 explieat,
628 1147 678 1224 qui
709 1152 755 1206 est
787 1145 865 1226 apud
891 1162 916 1207 s.
939 1147 1137 1226 Augustinum
1168 1148 1199 1209 in

153 1246 239 1308 libris
259 1243 297 1306 de
320 1245 439 1306 civitate
461 1244 509 1305 dei
533 1243 624 1306 XXll.
647 1243 699 1306 29:
733 1243 794 1322 „de
815 1243 956 1324 qualitate
977 1247 1118 1326 visionis,
1140 1265 1199 1328 qua

156 1349 186 1408 in
208 1345 307 1407 loturo
329 1344 451 1406 saeculo
473 1347 568 1406 sancti
590 1345 684 1407 Deum
707 1347 768 1406 sint
789 1346 915 1406 visuri.“
939 1383 979 1396 -

237 1445 393 1508 libroruin
413 1445 438 1507 V
459 1445 520 1524 „de
544 1445 691 1506 divisione
713 1451 857 1508 naturae“
878 1447 944 1507 sive
964 1441 1057 1527 „napi
1076 1445 1202 1529 φύσεως

156 1548 340 1626 μερισμοῦ“
371 1580 427 1623 -,
459 1546 509 1626 qui
544 1545 633 1608 iidem
666 1546 850 1626 appellantur
881 1546 942 1623 „de
971 1547 1105 1610 naturis“
1137 1548 1202 1610 sive

158 1647 253 1726 „nepa”
269 1642 416 1727 φύσεωςῑί
435 1683 476 1692 -
497 1645 596 1726 plures
614 1648 724 1725 reperti
744 1653 813 1708 sunt
834 1648 958 1709 codices
979 1666 1017 1710 rn.
1039 1665 1064 1710 s.
1073 1649 1148 1722 s.⁶).
1161 1677 1203 1696 ·-

160 1749 241 1812 Duos
262 1763 365 1808 eorum
387 1746 572 1809 llabillonius
594 1749 687 1830 ipsius
707 1749 790 1810 Sauli
819 1754 917 1811 aetate
942 1756 1083 1811 exaratos
1114 1748 1204 1813 dicit:

159 1854 337 1910 nontamen
361 1845 436 1908 ullus
468 1865 577 1910 nornen
605 1849 737 1912 auctoris
768 1848 881 1910 babuit.
924 1847 1094 1912 Guilielrnus
1127 1848 1205 1910 blal-

159 1948 373 2010 rnesburiensis
396 1955 427 2009 et
446 1949 532 2030 Hugo
556 1967 573 2010 a
598 1968 623 2012 s.
647 1951 769 2013 Viotore
798 1951 946 2030 primii),
980 1957 1119 2030 quanbrm
1148 1967 1204 2030 pro

160 2054 245 2110 certo
267 2063 283 2108 a
306 2047 392 2108 nubis
413 2049 501 2109 statui
523 2054 639 2129 potest,
671 2049 764 2112 Scuto
784 2057 888 2112 nostro
910 2050 1002 2112 libros
1024 2068 1097 2112 suos
1119 2052 1206 2114 attri-

161 2148 297 2212 buerunt.
338 2146 534 2209 Nihilominus
569 2154 668 2211 tamen
704 2150 792 2210 etiam
825 2151 946 2218 ineunte
976 2151 1098 2212 saeculo
1128 2150 1205 2214 Xlll.

164 2247 261 2324 luere,
289 2248 336 2328 qui
356 2249 499 2312 Arnalriei
521 2249 666 2310 benensis
689 2267 743 2310 eos
767 2267 834 2311 esse
858 2252 1052 2330 opinarentur
1063 2255 1107 2327 ⁸):
1138 2251 1208 2314 Tri-

164 2347 292 2411 themius
315 2348 407 2410 abbas
425 2355 455 2408 et
482 2348 587 2410 Baleus
609 2349 688 2413 adeo
713 2349 762 2430 ad¹
778 2349 918 2412 loannem
948 2353 1087 2428 Scotum,
1119 2369 1206 2431 quem

162 2447 342 2512 illailrosiurn
362 2456 481 2526 vocant,
511 2449 611 2512 Bedae
635 2449 821 2512 Venerabilis
842 2450 1006 2530 aequalem,
1038 2450 1095 2512 bos
1114 2449 1207 2514 libros

166 2548 376 2627 retulerunt‘l).
422 2549 528 2610 Verurn
551 2539 722 2628 enimveio,
756 2551 782 2612 si
814 2552 878 2630 quis
906 2550 953 2612 vel
982 2551 1061 2614 aliud
1082 2551 1207 2632 agendo

165 2647 257 2711 libros
271 2648 309 2710 do
323 2650 436 2710 naturis
452 2667 517 2710 cum
534 2649 681 2730 Erigonae
697 2650 773 2712 libro
789 2651 826 2712 de
840 2651 1114 2731 praedestinatione
1128 2668 1208 2714 oon-

166 2751 274 2828 tulerit,
297 2751 369 2812 nibil
390 2768 512 2830 prorsus
535 2751 726 2812 dubitationis
747 2753 775 2812 ei
795 2751 986 2832 relinquetur.
1010 2752 1075 2827 Quo
1097 2751 1208 2814 laetum

166 2856 221 2928 est,
241 2857 273 2912 ut
294 2852 352 2912 ianr
373 2850 489 2929 pridem
510 2851 588 2912 inter
608 2851 689 2912 viros
711 2851 817 2913 doctos
838 2869 897 2914 uno
922 2853 1007 2932 quasi
1029 2868 1083 2914 ore
1105 2850 1209 2914 bacin

163 2967 198 3012 re
218 2951 258 3014 sit
278 2967 468 3012 eonsensum.

216 3215 246 3287 4)
265 3219 351 3270 Etiam
374 3218 401 3271 iu
421 3215 522 3268 libii.
541 3215 575 3266 de
594 3214 646 3266 div.
664 3222 719 3266 nat.
738 3233 761 3266 c.
773 3217 817 3269 23.
836 3217 946 3270 scribite
965 3218 1210 3281 „Exteriersansue

266 3305 421 3357 coniunctio
442 3303 573 3373 quaedem
592 3311 633 3354 est
651 3303 755 3354 animae
774 3312 803 3355 at
821 3307 968 3374 eorporia.“
987 3333 1022 3346 -·

221 3407 250 3475 b)
270 3410 304 3460 el.
331 3410 401 3460 Max.
424 3405 550 3458 biblioth.
580 3413 633 3457 vet.
660 3416 767 3476 patrum
791 3415 842 3460 cet.
870 3407 1041 3477 Lugdunena.
1069 3415 1134 3458 tom.
1153 3405 1209 3462 XV.

271 3512 296 3563 p·
318 3498 350 3552 15
370 3497 390 3548 E
409 3513 464 3566 req.

219 3598 250 3667 e)
272 3599 305 3651 cr.
324 3577 420 3650 raam.
442 3600 517 3652 aare.
537 3599 739 3668 testim.p.12.
760 3599 866 3651 uaeur.
886 3607 945 3650 aaa
966 3598 1064 3650 aenea.
1085 3611 1152 3648 saec.
1166 3596 1210 3649 ru.

267 3705 292 3756 p.
315 3683 349 3736 11.
369 3705 396 3756 p.
418 3686 505 3738 LXVI.
523 3681 595 3737 inst,
608 3687 660 3737 liu.
681 3686 714 3738 de
733 3687 758 3737 la
777 3689 877 3740 Franco
895 3696 960 3739 tom·
984 3685 1014 3739 V.
1033 3703 1060 3753 p.
1078 3683 1140 3756 5123.

220 3791 249 3859 7)
271 3792 304 3844 cs.
324 3789 419 3842 'l'horn
439 3790 514 3842 Gale.
532 3793 630 3843 testim.
648 3809 675 3862 p.
701 3791 740 3856 12,
760 3810 786 3861 p.
807 3792 885 3844 6-7.
903 3767 1030 3852 Alberici,
1049 3789 1129 3841 trium
1148 3787 1212 3839 fou-

264 3881 330 3931 tinm
351 3875 483 3937 monachi,
511 3877 666 3931 Chronicou
683 3878 718 3930 ud
738 3897 837 3931 anuum
857 3878 1011 3934 Mccxxv.
1031 3875 1074 3930 ed·
1094 3874 1212 3929 Leibnit.

264 3975 329 4020 torn.
349 3964 370 4020 1.
389 3983 414 4036 p.
433 3961 494 4025 514,
511 3963 570 4014 515.
592 3995 627 4006 ..

218 4069 248 4136 8)
266 4071 300 4121 ol.
320 4069 416 4124 Tlrom.
435 4067 513 4120 Gale.
533 4068 630 4120 rernm.
650 4085 677 4138 p.
696 4069 736 4120 12.

217 4171 249 4240 9)
270 4172 304 4223 cs.
322 4173 418 4226 Thom.
439 4172 516 4225 Gale.
535 4165 556 4226 1ss
565 4171 583 4222 l.
599 4188 627 4241 p.
648 4171 689 4223 12.
