3010 4946
103 426 106 448 '
308 467 348 530 os

304 647 461 730 recipiunt.
498 683 540 698 -
571 645 632 710 llas
665 647 775 710 clarius
806 647 950 714 elucescit
983 651 1164 718 intuentibus
1200 651 1339 716 circulum

307 757 395 830 alque
425 749 523 812 lineas
554 765 603 812 ex*
622 755 727 810 centro
756 747 795 810 ad
814 767 883 812 cum
907 751 1023 816 ductas.
1065 754 1177 816 Omnes
1200 755 1277 815 enim
1300 754 1341 816 li·-

304 867 381 914 neae
404 850 436 910 in
458 853 674 917 controuuum
695 854 780 925 sunt,
800 865 858 911 nec
877 849 936 912 ullo
959 851 1050 915 modo
1069 860 1247 933 separatae:
1271 854 1341 915 dum

302 965 376 1010 vero
398 966 437 1009 ex
465 953 569 1009 centro
602 947 840 1026 protenduntur,
873 951 984 1032 spatia,
1005 953 1110 1030 quibos
1130 959 1341 1032 segregantur,

304 1065 445 1112 cresccre
467 1046 612 1125 incipiunt
633 1045 732 1108 donec
752 1048 790 1108 ad
813 1054 975 1110 extremum
990 1051 1132 1114 clnculum
1153 1051 1340 1129 perveniant,

183 1229 185 1234 Ι
300 1151 351 1212 ubi
373 1147 516 1210 latissima
537 1163 591 1208 sua
612 1147 786 1210 diastemata
801 1155 1036 1212 mensurantur.“
1061 1187 1100 1198 -
1115 1149 1181 1231 (lli,
1204 1151 1220 1212 l
1244 1155 1340 1232 seqq.)

756 1318 790 1386 d·
821 1303 873 1377 qq·

386 1430 502 1492 Deinde
525 1447 584 1492 uua
606 1431 735 1514 omnium
760 1447 860 1510 causa,
884 1431 968 1508 deus,
983 1447 1098 1494 causas
1120 1430 1341 1512 primordiales,

302 1529 549 1610 quemadmodum
572 1531 603 1592 iu
627 1529 763 1592 filiosuo
787 1530 932 1608 condidit,
955 1531 994 1591 itu
1014 1548 1068 1610 per
1087 1531 1224 1612 Spiritum
1244 1547 1339 1592 sanc-

301 1631 416 1694 lumin
447 1629 571 1690 effectus
602 1646 675 1690 suos
708 1630 814 1692 dividit
843 1636 931 1709 atque
953 1629 1135 1710 multiplicat.
1177 1631 1229 1692 Ait
1249 1646 1338 1690 sacra
1369 1691 1372 1698 Δ
1494 1623 1495 1630 '

300 1731 467 1810 scriptura:
498 1728 553 1809 „Er
582 1730 707 1809 Spiritus
731 1729 780 1790 dei
802 1729 954 1792 ferebatur
973 1747 1064 1810 super
1082 1739 1204 1810 aquas.“
1246 1729 1340 1792 lluius

299 1833 344 1894 rei
373 1830 530 1894 facillimus
567 1832 698 1894 occurrit
726 1830 911 1906 intellectus,
938 1831 987 1904 si,
1008 1836 1039 1892 ut
1060 1831 1167 1911 Syrum
1190 1832 1338 1912 quendam

299 1931 487 1994 transtulisse
501 1930 619 2008 lerunt·
632 1930 762 2012 legatur:
786 1930 840 2009 „Et
854 1931 980 2010 Spiritus
1004 1931 1053 1992 dei
1074 1932 1196 1994 l'ovebat
1218 1939 1339 2012 aquasss

299 2031 425 2112 Spiritus
446 2030 526 2092 enim
547 2036 669 2091 sanctus
694 2047 851 2121 causarum
874 2029 1106 2110 primordialium
1127 2048 1230 2112 aquas,
1250 2039 1283 2094 ut
1304 2033 1336 2094 in

298 2149 354 2211 ea,
386 2147 511 2212 quorum
542 2145 633 2192 causa
655 2137 745 2210 sunt,
773 2129 975 2220 profluerent,
1007 2129 1129 2193 fovebat
1148 2132 1167 2194 Ι.
1191 2149 1218 2194 e.
1243 2131 1337 2196 divini

296 2232 408 2294 amoris
441 2229 506 2292 fotu
534 2230 693 2294 nutriebat.
746 2229 794 2292 Ad
826 2229 1053 2310 nocuumque,
1077 2249 1135 2294 ova
1158 2231 1196 2294 ab
1219 2230 1337 2296 alitibus

295 2331 450 2406 foventur,
478 2334 511 2391 ut
539 2329 875 2410 iutimainvisiltilisque
895 2329 942 2390 vis
962 2329 1119 2407 seminum,
1140 2348 1218 2410 quae
1248 2333 1338 2394 iniis
1421 2320 1426 2329 ’

297 2432 391 2508 latet,
423 2448 478 2512 per
498 2446 641 2493 numeros
659 2431 803 2492 locorum
834 2436 1057 2509 temporumque
1077 2431 1108 2490 iu
1128 2428 1240 2492 formas
1261 2430 1338 2491 visi-

301 2531 377 2594 ltilcs
387 2530 622 2614 corporalesque
634 2529 869 2612 pulchritudines
884 2535 1044 2610 erumpal.“
1064 2529 1116 2611 (ll,
1128 2529 1337 2611 some-22.)

759 2709 789 2777 ς.
823 2696 873 2761 oc.

386 2812 486 2890 „llaec
520 2819 616 2875 autem
647 2814 735 2876 unius
764 2815 895 2893 omnium
919 2821 1043 2892 causae,
1075 2829 1150 2894 quae
1181 2811 1333 2888 deusest,

299 2911 330 2971 iu
354 2913 464 2989 omnia,
485 2929 561 2991 quae
584 2921 661 2990 suut,
682 2932 736 2994 per
760 2932 867 2977 causas
888 2899 1095 2995 primordiales
1113 2911 1221 2972 divisio
1244 2915 1334 2988 atquc

298 3011 499 3092 multiplicatio
532 3015 572 3074 ita
593 3014 645 3088 fit,
680 3022 712 3076 ut
732 3033 798 3098 per
825 3015 998 3096 generalem
1021 3013 1150 3076 omnium
1174 3011 1335 3074 essentiam

296 3111 402 3191 primo,
424 3113 564 3194 deinceps
585 3131 639 3194 per
661 3131 775 3196 genera
797 3115 1041 3197 generalissima,
1070 3112 1179 3174 deiude
1199 3129 1254 3192 per
1277 3127 1337 3192 ge-

296 3227 370 3271 nera
398 3213 609 3292 generaliora,
638 3216 708 3277 inde
740 3234 795 3296 per
826 3217 944 3296 species
966 3197 1159 3294 specialiores
1182 3229 1274 3291 usquc
1298 3211 1337 3273 ad

298 3312 418 3391 species
462 3314 694 3392 specialissimas
721 3335 775 3396 per
796 3316 979 3378 dillerentias
1002 3315 1257 3394 proprietatesque
1279 3310 1337 3372 de-

186 3487 189 3496 *
298 3411 450 3474 scendunt
473 3413 537 3494 (lli,
559 3413 659 3494 3-43
681 3415 718 3498 ΙΙ,
741 3418 780 3500 23
803 3413 899 3497 prael.
925 3414 963 3477 ad
985 3415 1062 3480 llax.
1084 3413 1181 3476 ambit.
1205 3409 1381 3507 chal.⁴
1494 3367 1495 3392 Χ

299 3529 364 3593 app.
376 3529 411 3593 Ι·
434 3512 500 3590 tlt.)

762 3676 792 3746 q.
819 3667 870 3729 3-5.

378 3777 470 3858 „ilinc
493 3796 688 3862 quaecunque
708 3771 827 3846 ah'uno
847 3783 977 3846 omnium
1001 3781 1147 3863 principio
1169 3793 1223 3859 per
1244 3778 1335 3834 natu-

296 3877 377 3941 rales
415 3878 633 3944 descensiones
653 3899 762 3962 *usque
786 3881 824 3944 ad
842 3883 1060 3945 extremitatem
1086 3880 1175 3941 totius
1196 3879 1332 3948 naturae,

256 4057 257 4062 ἵ
293 3995 350 4059 qua
381 3997 510 4060 corpora
536 3984 741 4062 continentur,
774 3990 843 4045 suut
863 3985 1041 4060 constituta,
1063 3997 1152 4056 unum
1172 3973 1242 4036 illud
1264 3990 1334 4037 om-

292 4081 372 4140 nium
409 4081 602 4161 principium,
631 4101 720 4145 unum
761 4084 899 4160 omnium
925 4084 1038 4146 fontem
1069 4078 1254 4160 participant.
1288 4109 1334 4126 -

290 4178 343 4242 list
364 4181 443 4244 euim
474 4183 661 4264 participatio
690 4183 764 4246 nihil
788 4183 870 4248 aliud
890 4186 949 4248 uisi
970 4196 1008 4246 ex
1027 4179 1175 4262 superiori
1197 4176 1329 4245 essentia
