3014 4950
1126 481 1166 550 63

134 656 267 740 potimus
282 659 336 731 ¹¹⁰)
369 669 424 734 per
455 653 585 733 speeiem
615 653 713 736 eique.
731 653 923 724 educabimus
937 665 990 740 ¹¹⁰)
1010 679 1064 744 per
1084 671 1167 732 cari-

133 765 231 820 tatem.
276 754 353 829 Quid
385 770 459 840 ergo
482 753 520 815 a'd
542 754 620 816 hanc
642 756 741 836 magni
763 755 896 840 theologi
916 760 1052 844 Dionysii
1076 786 1166 847 prae-

15 913 16 916 ,
134 858 328 920 clarissimam
349 854 448 916 tubam
469 853 669 934 respondent,
704 857 754 936 qui
787 857 932 922 visibilem
950 861 1165 935 Eucharistiam

133 958 173 1019 nil
196 954 277 1047 aliud
299 953 469 1039 significare
488 959 607 1032 practer
627 971 661 1016 sc
683 956 776 1034 ipsam
790 956 892 1019 volunt
906 968 1070 1028 asserere?
1092 971 1165 1034 Dum

134 1057 298 1120 clarissima
320 1054 388 1116 tuba
411 1052 543 1142 praelate
564 1052 681 1131 elamat,
702 1071 763 1116 non
783 1057 832 1118 illa
854 1069 1041 1128 sacramenta
1059 1071 1166 1134 visibi.

133 1159 169 1218 lia
192 1153 320 1218 colenda
344 1171 440 1234 neque
462 1170 515 1233 pro
537 1155 663 1215 veritate
685 1155 889 1237 amplexanda,
922 1163 989 1242 quia
1010 1169 1165 1248 signitica-

133 1259 190 1318 tiva
209 1255 344 1316 veritalis
365 1254 442 1329 aunt,
465 1271 561 1332 neque
583 1261 704 1332 propter
725 1257 845 1334 seipsa
864 1259 993 1343 inventa,
1025 1273 1163 1347 quoniam
1237 1324 1240 1330 .
1274 1239 1277 1250 ⁸

133 1359 161 1418 in
182 1357 255 1437 ipsis
276 1355 342 1416 imis
365 1343 575 1433 intelligentiae
598 1371 658 1415 non
679 1361 744 1429 est,
775 1358 830 1418 sed
854 1368 974 1440 propter
994 1366 1165 1450 incompre-

135 1455 307 1519 hensibilem
330 1455 461 1516 veritatis
484 1456 637 1529 virtutem,
668 1473 744 1534 quae
767 1457 898 1522 Christus
921 1471 975 1541 est,
1003 1468 1033 1529 in
1054 1471 1164 1555 unitate

134 1559 277 1622 hmuanue
303 1555 478 1634 divinaeque
500 1571 572 1616 suae
591 1557 773 1618 substantiae
788 1557 862 1620 ultra
877 1557 965 1624 o'mne
979 1569 1058 1644 quod
1073 1588 1164 1635 sensu

136 1659 253 1720 sentitur
274 1673 432 1754 corporeo,
464 1669 553 1734 super
574 1670 673 1732 omne,
707 1655 787 1734 quod
807 1660 913 1722 virtute
933 1666 1093 1747 percipitur
1115 1673 1164 1733 in-

136 1759 311 1842 telligentiae
332 1753 406 1820 deus
427 1755 584 1821 invisibilis
604 1756 634 1816 in
653 1763 778 1836 utraque
795 1775 849 1820 suu
871 1768 1000 1828 natura.“

529 1961 793 1975 ...Q

574 2081 672 2204 Cupnt
695 2119 726 2187 V.

134 2309 206 2374 Cum
228 2309 265 2372 ue
283 2307 351 2372 aliis
371 2309 546 2392 quibusdam
568 2309 673 2386 rebus,
706 2327 783 2393 quae
815 2316 1042 2408 praetereavad
1075 2317 1161 2382 Secti

133 2413 224 2475 vitam
258 2410 470 2473 illustrandam
498 2409 689 2490 pertineant,
722 2417 782 2473 tum
808 2414 969 2494 praecipue
992 2416 1028 2476 de
1050 2419 1161 2481 ultimis

552 2509 647 2590 ipsius
666 2511 748 2573 falia.
950 2509 952 2512 ’
1031 2523 1034 2530 “

94 2729 99 2750 .
201 2694 366 2772 Postquam
389 2691 620 2772 igitancolus,
648 2698 680 2754 ut
699 2664 789 2774 longe
811 2695 875 2755 veri
895 2696 1069 2760 simillimum
1092 2719 1160 2763 esse
1224 2708 1227 2714 '

19 2857 20 2879 χ
72 2865 79 2878 .
130 2793 328 2872 probavimuS,
352 2793 472 2854 circiter
494 2809 600 2853 annum
622 2791 803 2854 DCCCXLV.
829 2795 867 2856 ad
888 2794 1022 2859 Carolum
1045 2799 1158 2864 calvum
1248 2811 1251 2818 ⁴

17 2911 19 2960 l
129 2890 217 2971 venit,
236 2895 263 2954 is
286 2892 393 2954 multos
415 2885 509 2953 annos
532 2891 674 2973 deinceps
696 2895 864 2955 nouaclum
878 2898 1079 2976 convictorem
1093 2917 1158 2964 eum

127 3001 215 3074 etque
239 2992 364 3054 amioum
388 2993 506 3074 habuit,
540 2994 768 3066 verumetiam,
797 2996 876 3074 quoti
900 2997 969 3058 item
989 2998 1158 3078 pluribusa

126 3096 213 3155 nobis
234 3100 281 3154 est
301 3092 434 3170 relatum,
467 3099 498 3154 ut
517 3109 566 3154 res
586 3093 691 3155 multas
713 3107 822 3173 easque
842 3113 952 3176 graves
974 3115 1158 3180 exsequere-

15 3239 17 3260 ,
124 3201 184 3274 lut,
220 3194 369 3255 voluntate
395 3211 448 3255 sua
471 3195 637 3255 commovit.
678 3193 849 3256 Eoeutem
881 3195 949 3260 loco
983 3205 1012 3258 et
1042 3199 1157 3264 honore

15 3305 16 3308 ’
123 3291 266 3374 quamdiu
286 3293 393 3355 Scelus
413 3294 616 3370 permanserit,
646 3294 789 3354 incertum
809 3299 873 3362 est:
902 3312 1075 3378 quamquam
1098 3300 1157 3362 hoc

122 3393 200 3456 satis
221 3394 402 3470 exploratum
425 3392 536 3454 habere
554 3393 706 3469 videmur,
740 3392 809 3454 illud
842 3400 972 3473 tempus,
1007 3400 1156 3476 quoinde

15 3485 16 3496 ³
123 3491 210 3567 abiit,
228 3493 278 3552 vix
300 3500 369 3554 ante
394 3511 501 3555 annum
522 3492 719 3554 DCCCLXllI.
737 3493 837 3554 luisse.
878 3495 1018 3574 Namque,
1047 3500 1155 3562 utalia

123 3593 222 3654 minus
243 3598 325 3653 certa
344 3593 488 3656 mittamus
502 3600 544 3673 ¹),
580 3599 678 3655 exstat
704 3597 809 3673 poema
838 3594 987 3674 quoddam
1012 3597 1094 3661 Secti
1115 3599 1154 3661 ad

142 3829 205 3897 110)
224 3825 446 3894 „oduinoblrnua‘f

177 3917 204 3984 1)
229 3913 311 3968 Velut
337 3913 410 3964 illum
435 3911 590 3980 epistolam,
615 3928 694 3982 quam
721 3910 858 3964 Nicolaum
880 3915 909 3976 t,
935 3923 1007 3984 pont,
1029 3931 1097 3970 mer.
1117 3917 1150 3968 cle

224 4005 325 4055 Ioanne
342 4008 433 4053 nostro
451 3998 486 4048 ad
506 3997 629 4050 Carolum
650 4001 750 4055 calvum
767 4001 902 4069 scriptione
923 4005 990 4071 (cup.
1010 4002 1068 4071 lli.)
1087 4021 1149 4056 nar-

120 4111 136 4148 ι.Δ
224 4091 345 4140 ravimus.
382 4089 413 4140 Iu
434 4085 568 4147 ecculm,
596 4085 757 4154 uthlabetur
777 4087 849 4157 apud
869 4089 1007 4151 Eulaeum,
1037 4090 1146 4158 Erigone

225 4175 324 4237 „studii
344 4175 473 4228 Parisiui“
491 4173 521 4242 (i.
541 4189 564 4224 e.
594 4170 700 4224 scholae
728 4174 875 4243 palatinae,
901 4192 979 4245 quam
1005 4178 1146 4248 vocabunt)

921 4260 940 4316 ὃ
