3010 4946
177 783 179 788 ἲ
231 801 294 880 ,Ex
323 799 456 862 essentia
491 813 611 876 eorum,
646 815 723 878 quae
755 803 842 874 sunt,
876 815 915 858 ex
936 797 1062 860 mirabili
1084 815 1183 862 rerum

143 900 261 980 ordine,
287 905 326 962 err
347 907 428 984 motu
451 899 580 960 omniurn
601 899 702 960 stabili
722 895 855 980 theologi
868 905 951 958 recte
964 899 1182 976 intellexerunt,

138 1003 279 1080 Naturam
303 1001 478 1062 creatricem
501 1005 530 1060 et
553 1017 638 1075 esse,
660 1005 689 1060 et
711 1015 837 1080 sapere,
858 1006 888 1060 et
907 1001 1019 1061 vivere.
1062 1001 1108 1061 Ac
1128 1018 1182 1080 per

139 1103 199 1164 boc
219 1101 412 1182 inquisitores
425 1100 559 1162 veritatis
581 1097 776 1178 tradiderunt,
798 1117 860 1182 per¹
874 1101 1034 1161 essentiam
1054 1101 1182 1181 'intelligi

139 1183 268 1277 Patrem,
290 1218 345 1280 per
367 1200 543 1280 sapientiam
564 1193 678 1277 Filium,
703 1217 757 1280 per
779 1201 868 1261 vitam
879 1200 1017 1280 Spiritum
1030 1201 1181 1283 Sanctum.

112 1301 242 1386 ,ltaque
265 1303 423 1362 trinitatem
454 1301 621 1362 docuerunt
643 1301 765 1362 essein
788 1301 909 1362 unitate.
932 1340 972 1353 -
996 1302 1089 1364 Unam
1111 1317 1181 1362 om·

139 1404 219 1466 nium
232 1419 354 1464 causam
371 1401 509 1462 dixerunt
525 1387 680 1463 unitatem.
722 1401 814 1462 lluius
837 1408 947 1477 autem,
967 1401 1094 1462 mirabili
1115 1416 1181 1461 earn

141 1503 353 1584 multiplicitate
377 1508 564 1576 contuentes,
580 1508 647 1564 tres
669 1501 886 1578 snbstantias⁵)
916 1499 1108 1562 intellexere:
1131 1500 1181 1561 in-

139 1609 285 1690 genitam,
317 1607 471 1688 genitam,
501 1605 724 1686 procedentem.
769 1603 965 1679 llabitum·(s.
987 1602 1179 1679 relationem)
1264 1613 1266 1618 ·

141 1711 294 1792 ingenitae
317 1707 354 1770 ad
376 1709 507 1790 genitam
536 1708 769 1788 ¹nominaverunt
789 1707 924 1782 Patrem,
944 1703 1074 1778 habitum
1093 1705 1180 1784 geni.

140 1815 188 1872 tae
211 1809 250 1870 ad
274 1809 438 1891 ingenitam
463 1809 601 1870 dixerunt
629 1807 760 1885 Filium,
776 1807 907 1868 habitum
927 1805 1120 1885 procedentis
1140 1804 1180 1864 ad

137 1910 301 1991 ingenitam
324 1910 515 1990 genitamque
545 1908 767 1990 appellaverunt
783 1908 922 1988 'Spiritum
943 1907 1107 1968 Sanctum
1135 1904 1178 1966 lta

138 2007 291 2072 Abrabam
312 2015 358 2070 est
378 2027 488 2070 nomen
509 2009 694 2071 substantiae
722 2017 762 2084 (a.
783 2017 949 2088 personae)
975 2014 1005 2068 et
1024 2006 1110 2068 lsaao
1132 2011 1179 2066 est

137 2125 249 2170 nomen
271 2109 475 2172 substantiae:
508 2109 588 2171 illios
622 2108 740 2170 babitus
773 2107 810 2168 ad
838 2107 917 2169 hunc
948 2107 1055 2170 dicitur
1084 2113 1179 2188 pater,

140 2209 228 2272 huius
251 2209 365 2272 habitus
387 2210 425 2272 ad
440 2197 526 2272 ¹illum
549 2215 675 2272 vocatur
696 2209 802 2271 lilius.“
822 2243 864 2258 -·
888 2207 925 2290 (l,
948 2207 1013 2285 14.)

601 2333 631 2402 §.
658 2322 704 2388 14.

219 2445 265 2506 De
293 2445 492 2527 processione
529 2444 649 2526 spiritus
688 2441 785 2506 sancti
816 2443 924 2506 Scelus
956 2441 1046 2504 multo
1079 2425 1176 2523 magis'

141 2543 320 2606 Graecorum
352 2546 519 2606 sententiae
549 2543 643 2620 lavet,
673 2553 760 2623 quant
781 2541 963 2604 Latinorum.
1005 2543 1057 2604 Ait
1077 2543 1177 2626 igitur,

139 2643 383 2723 quemadmodum
418 2644 549 2726 dicator,
573 2663 631 2714 una
654 2643 783 2706 essentia
810 2631 911 2705 divind
933 2645 963 2704 in
985 2643 1078 2705 tribus
1099 2643 1176 2704 sub-

136 2746 252 2807 stantiis
272 2752 350 2823 etc,
379 2746 420 2806 ita
450 2755 533 2823 (curn
563 2745 694 2807 essentia
725 2744 825 2808 divina
854 2745 892 2805 sit
914 2745 1043 2805 omnium
1066 2749 1175 2821 causa)

136 2845 224 2906 etiam
247 2845 306 2906 dici
328 2863 429 2927 posse,
454 2863 674 2908 unamcausam
697 2844 726 2906 in
749 2843 841 2906 tribus
861 2843 970 2905 causis.
1008 2842 1069 2904 lam
1090 2861 1173 2922 vero,

137 2961 202 3008 cum
224 2945 327 3006 nullibi
350 2947 380 3008 in
402 2963 501 3007 rerum
525 2952 630 3008 natura
652 2963 691 3006 ex
715 2945 830 3007 duabus
851 2945 951 3006 causis
972 2943 1117 3021 liubona,
1138 2962 1173 3009 se

134 3061 195 3106 non
220 3045 344 3120 videre,
372 3064 431 3126 quo
461 3053 550 3128 paeto
583 3063 622 3108 ex
653 3051 738 3126 patre
768 3051 797 3106 et
819 3045 879 3108 lilio
902 3045 1033 3127 (duabus
1057 3045 1172 3122 causis)

134 3145 303 3228 procedere
334 3148 429 3226 possit
461 3147 580 3228 spiritus
611 3152 733 3209 sanctus
766 3153 841 3224 (una
872 3145 1014 3222 causat).
1058 3143 1174 3218 Quodsi

130 3337 393 3350 ...ι-Μ’*

10 3439 15 3525 Ι
186 3461 215 3532 5)
238 3463 296 3516 Lib.
317 3465 354 3529 ll,
382 3465 416 3518 29
444 3465 549 3519 scribit:
580 3468 652 3519 «Una
678 3466 795 3520 essentia
815 3466 844 3518 in
861 3431 947 3522 luibae
968 3439 1126 3518 substantiis
1144 3474 1173 3520 et

235 3559 288 3602 tres
307 3553 475 3606 substantiae
495 3555 524 3607 in
539 3571 593 3605 una
612 3555 728 3607 essentia
746 3585 778 3599 -
800 3553 844 3606 vel
863 3552 1008 3606 secundum
1027 3571 1103 3606 osum
1116 3555 1172 3606 llo-

230 3653 326 3690 manoa
352 3639 475 3708 liuguae:
501 3659 554 3694 ona
580 3641 730 3695 substantia
756 3643 785 3694 in
813 3640 899 3693 tribus
923 3643 1054 3711 personia,
1072 3649 1100 3695 et
1116 3649 1171 3696 tres

237 3738 369 3795 perronae
387 3727 415 3778 in
433 3745 485 3782 una
505 3729 681 3782 substantia.»
703 3729 745 3782 Cf.
764 3731 799 3792 ll,
817 3728 861 3794 23,
878 3726 922 3779 34.
983 3787 987 3796 Ι

186 3812 216 3882 6)
238 3813 325 3882 Quam
357 3812 423 3864 hacc
450 3815 637 3870 concludendi·
654 3817 722 3868 ratio
741 3816 817 3868 oolla
835 3817 885 3880 ait,
912 3817 1007 3868 Scelus
1033 3817 1091 3888 ipse
1111 3815 1171 3868 ani-

233 3901 407 3967 madvertisne
435 3900 555 3954 videtur:
576 3904 735 3967 iiaautem,
759 3905 804 3974 qui
833 3903 1042 3974 reprehendant,
1070 3905 1109 3964 ild
1129 3921 1170 3954 re·

122 4047 126 4054 ¹
146 4009 149 4020 ·
231 3987 357 4056 spondet,
377 3989 435 4042 sola
454 4005 540 4043 renum
552 3999 648 4044 natura
665 3990 734 4045 duce
751 3990 787 4044 ad
805 3992 923 4046 numinis
942 3992 1027 4046 diuini
1046 3999 1170 4044 sauctae-

231 4087 284 4139 que
303 4076 433 4132 trinitatis
449 4075 659 4144 intelligentiam
680 4077 831 4145 perveniri!
853 4078 894 4130 Cf.
915 4080 949 4141 ll,
964 4077 997 4130 31
1016 4078 1067 4130 sub
1086 4079 1132 4128 fiu.

231 4156 352 4213 liabetur
372 4170 513 4234 praeterea
540 4162 613 4236 apud
631 4163 742 4220 Scotum
764 4163 793 4218 in
813 4162 935 4223 doctrina
954 4161 987 4216 de
1009 4182 1031 4218 a.
1050 4165 1170 4219 trinitate
