3014 4950
1176 481 1213 542 51

171 665 261 741 lidei,
288 680 363 744 quae
387 663 483 725 estin
506 661 624 724 Christo
646 663 734 738 lesu,
765 661 883 740 penitus
904 659 1069 740 respuimus
1080 661 1153 737 ὕψι
1175 699 1216 712 -

169 765 208 828 Et
228 765 320 827 haec:
342 762 418 842 „ista
441 764 555 840 (Secti)
580 761 708 842 capitula
727 760 796 823 XlX
824 760 1006 841 syllogismis
1033 762 1216 840 ineptissime

171 865 378 926 conclusa-
402 901 443 913 --
464 864 495 923 iu
517 861 624 942 quibus
647 867 843 944 commentum
867 859 977 922 diaboli
998 848 1217 951 potiusquam

172 963 295 1044 aliquod
317 967 521 1043 argumentum
540 961 611 1023 fidei
634 959 874 1041 deprehenditur,
897 977 913 1020 a
935 961 984 1040 pio
1005 960 1106 1022 auditu
1126 960 1217 1022 Fide-

172 1065 242 1126 lium
264 1064 381 1143 penitus
403 1061 608 1140 explodimus,
642 1066 671 1120 et
704 1067 735 1120 ut
761 1058 830 1120 talia
862 1065 892 1120 et
920 1059 1026 1120 similia
1054 1066 1219 1126 caveantur

100 1225 107 1238 ,
172 1181 227 1244 per
250 1163 350 1224 omnia
369 1160 555 1223 Authnritate
570 1160 693 1240 Spiritus
709 1160 810 1222 Sancti
832 1157 1045 1220 interdicimus.
1067 1161 1216 1223 Novarum

175 1264 264 1324 etiem
282 1279 380 1324 rerum
403 1261 647 1342 introductores,
683 1277 722 1320 ne
745 1259 906 1321 districtius
932 1259 1090 1336 feriantur,
1123 1263 1218 1322 casti-

177 1361 293 1443 gandos
309 1379 378 1422 csse
393 1378 550 1422 censemus
562 1361 617 1434 ⁶⁰).
634 1401 663 1412 -
687 1359 752 1421 lloc
764 1359 941 1422 Valentinae
955 1359 1063 1440 synodi
1078 1360 1218 1422 iudicium

178 1463 297 1524 omnino
308 1467 404 1523 ratum
417 1461 519 1522 hahuit
533 1461 689 1522 concilium
702 1460 895 1540 Lingonense
907 1471 951 1536 (a.
961 1459 1200 1536 DCCCLlX.)-
1208 1481 1218 1539 ;

175 1565 207 1625 in
230 1569 334 1642 quarto
357 1563 435 1622 enim
458 1578 594 1624 canone:
617 1560 802 1641 ,Capitula,“
826 1561 880 1638 ait,
911 1560 1007 1639 ᾖΧΙΧ,
1037 1562 1218 1642 syllogismis

177 1663 361 1742 ineptissime
385 1679 420 1723 ae
442 1660 671 1722 mendacissime
694 1679 710 1722 a
737 1660 864 1741 quodam
879 1663 970 1724 Scoto
994 1661 1146 1739 conclusa,
1168 1662 1218 1726 ubi

175 1779 236 1824 non
269 1769 474 1844 argumentum
505 1760 596 1838 fidei,
628 1759 682 1823 sed
713 1762 812 1841 potius
850 1768 1045 1824 commentum
1076 1763 1219 1843 perfidiae

174 1869 269 1944 patet,
294 1862 372 1924 nulla
396 1863 516 1923 omnino
539 1861 746 1942 philosophiae
768 1868 841 1941 arte,
863 1869 895 1924 ut
915 1869 1094 1942 arroganter
1113 1881 1131 1924 a
1151 1865 1218 1943 qui-

177 1963 304 2024 busdem
341 1964 481 2038 iaciatur,
517 1968 738 2035 constructum,
771 1963 825 2024 sed
848 1963 929 2024 inani
960 1963 1075 2025 fallacia
1106 1970 1136 2025 et
1162 1965 1219 2025 de-

179 2064 319 2142 ceptione
340 2062 554 2142 imperitissime
577 2061 749 2124 conclusum
771 2080 787 2122 a
810 2063 859 2142 pio
879 2063 1019 2124 Fidelium
1042 2063 1142 2126 auditu
1162 2081 1219 2144 pe-

177 2163 260 2223 nitus
284 2162 465 2241 explodimus
474 2164 550 2238 ⁰¹).“
571 2161 701 2224 Tradunt
719 2163 806 2222 etiam
827 2161 980 2224 Nicolaum
994 2163 1015 2238 l,
1037 2171 1217 2242 pontmux,

180 2263 290 2325 horum
320 2264 514 2334 conciliorum
550 2279 684 2325 canones
716 2263 898 2342 apostolicae
929 2261 1011 2323 sedis
1044 2265 1218 2326 auctoritate

179 2363 436 2442 confirmassem).
478 2365 585 2427 Scelus
617 2371 731 2439 autem,
763 2370 900 2442 quantum
924 2365 1052 2440 seimus,
1084 2364 1121 2426 ad
1142 2365 1218 2427 naec

176 2483 247 2527 sese
268 2482 307 2527 nc
329 2467 491 2527 commovit
512 2466 629 2544 quidem
642 2486 651 2543 ;
678 2483 763 2546 quam
793 2484 855 2526 rem
880 2466 1139 2529 Staudenmaicrus
1161 2467 1217 2546 ipsi

177 2565 231 2642 (cf.
254 2565 355 2630 Staud.
382 2584 410 2644 p.
441 2565 806 2640 196-197Jtn1auoem
829 2567 926 2627 venit.

256 2665 398 2726 Venimus
419 2683 500 2727 nunc
520 2666 558 2728 ad
580 2665 701 2728 alteram
721 2665 803 2756 illam¹
813 2665 1021 2747 theologorum
1037 2672 1217 2731 controver-

175 2766 262 2843 siam,
283 2766 367 2827 cuius
389 2765 507 2829 Scotum
530 2767 702 2846 participem
724 2765 816 2826 luisse
838 2767 973 2854 diximus.

259 2866 436 2938 Paschasius
466 2868 556 2954 igitur
577 2867 744 2930 Radbertus
754 2866 799 2944 63)
834 2876 878 2942 (a.
901 2866 1117 2943 ccccxciv.)
1141 2883 1216 2948 opus

174 3039 540 3054 —---———--———--

212 3153 258 3225 59)
276 3153 312 3211 cl,
332 3153 378 3204 l.l.
397 3171 455 3204 cen.
477 3153 520 3216 Vl,
540 3153 590 3212 col.
609 3152 666 3205 61)
687 3169 741 3222 aeq.

214 3257 260 3324 60)
280 3258 318 3311 cs.
334 3259 381 3308 tl.
400 3274 457 3308 cen.
477 3256 523 3320 lV,
542 3256 592 3308 col.
611 3257 627 3310 5
650 3257 683 3308 D.
703 3285 735 3296 -

214 3361 260 3429 61)
276 3362 309 3412 cl.
329 3363 425 3413 Mnasi.
444 3370 507 3413 torn.
530 3360 585 3424 XV,
603 3361 656 3413 col.
676 3359 730 3412 538
750 3359 836 3414 n-B.

213 3464 261 3535 62)
282 3465 355 3517 Mab.
374 3467 403 3516 in
421 3465 522 3515 annali.
543 3465 612 3516 libro
634 3463 739 3526 XXXV,
765 3481 792 3514 n.
813 3462 847 3515 58
873 3493 903 3504 -·
926 3478 981 3514 rem
997 3460 1106 3514 dubiam
1128 3463 1213 3515 relin-

281 3555 357 3624 quit,
388 3552 560 3604 Schlueteros
587 3551 646 3620 (ll.
664 3569 690 3620 p.
710 3550 759 3622 IV)
777 3549 843 3602 haec
861 3549 958 3602 habet:
990 3549 1066 3613 „Nic
1085 3550 1097 3600 l
1117 3567 1212 3611 canon.

278 3657 351 3691 conc¹
370 3640 429 3690 an.
450 3674 458 3690 .
476 3676 483 3690 .
502 3639 701 3702 confirmantem
719 3637 836 3689 addens:
857 3636 1083 3699 „„Venennm““
1102 3638 1212 3708 dogma-

279 3733 337 3778 tum
355 3727 485 3794 Erigonae
504 3725 741 3796 perstringebatur,
763 3726 821 3795 ipse
832 3733 920 3776 tamen
933 3724 1001 3792 Erig.
1015 3724 1089 3776 haud
1101 3724 1213 3778 demna-

276 3820 320 3866 tua
337 3821 404 3866 eet.“

212 3918 261 3988 63)
282 3918 378 3970 Hicin
398 3915 584 3970 suessionibus
606 3915 766 3978 humillimo,
794 3925 826 3968 nt
842 3915 957 3980 ridetur,
986 3917 1048 3999 lccp
1068 3917 1211 3969 ortasium

278 4023 293 4056 a
318 4022 402 4074 puero
428 4003 589 4056 Menanterin
613 4021 709 4074 resque
736 4003 903 4056 monachicas
929 4014 1034 4058 secutus
1054 4003 1160 4056 tandem
1183 4005 1212 4056 in

278 4092 440 4144 corbeiense
465 4090 624 4143 coenobium
652 4089 679 4142 ed
701 4087 825 4154 contulit,
844 4094 919 4144 cuins
936 4095 1048 4162 primum
1068 4091 1211 4144 monachus

277 4178 375 4232 deinde
395 4180 505 4233 antistes
524 4177 614 4233 evasit.
633 4177 710 4232 Vixit
728 4187 817 4232 autern
837 4195 885 4248 per
902 4180 1013 4250 primam
1031 4178 1130 4232 saeculi
1144 4179 1210 4232 noni
