3010 4946
387 931 439 1001 De
463 931 534 1005 rita
559 947 594 1005 ot
619 935 820 1034 praeceptis
843 935 989 1008 loannis
1013 938 1111 1010 Sooti
1137 940 1320 1038 Erigonae.

699 1152 795 1202 Pars
819 1155 1007 1216 posterior.

811 1486 841 1556 δ.
868 1482 894 1544 1.

412 1594 543 1658 Naturae
565 1604 606 1671 (s.
628 1589 769 1679 φύσεως)
789 1600 912 1666 nornine
935 1596 1206 1679 comprehenditur,
1229 1599 1372 1680 quidquid

331 1694 396 1777 „vel
419 1699 518 1764 anima
532 1697 654 1778 'percipi
675 1703 792 1778 petest,
823 1699 872 1770 vel
895 1699 985 1762 anirni
1006 1700 1200 1763 intentionem
1222 1708 1370 1781 superam

805 1822 835 1890 8.
866 1816 894 1876 9.

337 1952 340 1964 .
412 1914 434 1976 l.
478 1915 590 1994 „Prima
611 1931 647 1976 aa
669 1916 781 1978 summa
800 1921 957 1990 (naturae)
977 1915 1084 1977 divisio
1108 1923 1154 1980 est
1176 1916 1268 1998 inea,
1291 1937 1368 2001 quaa

329 2021 405 2094 sunt,
428 2021 458 2076 et
476 2016 506 2076 in
528 2033 576 2090 ea,
597 2032 674 2095 quae
695 2031 756 2077 non
778 2022 874 2078 sunt.“
896 2051 934 2065 -
957 2015 996 2092 (l.
1024 2018 1071 2092 1.)

411 2115 564 2178 Habentur
581 2123 679 2180 autem
703 2118 832 2198 quinque
864 2115 1011 2197 „mudi“‚
1043 2115 1148 2200 quibus
1173 2117 1282 2199 aliquid
1308 2117 1368 2182 dici

328 2220 427 2296 potest
446 2214 493 2276 vel
516 2221 632 2295 „osse“,
653 2216 701 2279 vel
722 2233 800 2297 „non
823 2221 922 2278 esse.“

801 2339 830 2408 §.
863 2333 892 2400 3.

412 2449 562 2528 „Quorum
584 2451 696 2529 primus
718 2448 850 2528 videtur,
872 2467 926 2530 per
947 2467 1034 2531 quem
1057 2452 1135 2513 ratio
1157 2449 1274 2528 suadet,
1297 2468 1366 2514 onr-

326 2548 396 2626 nia‚
430 2565 505 2628 quae
540 2566 688 2630 corporee
720 2551 820 2611 sensui
858 2549 905 2611 vel
935 2550 1149 2632 intelligentiae
1182 2553 1367 2632 perceptioni

327 2648 540 2726 succumbunt,
569 2666 660 2730 posse
691 2651 907 2712 rationabiliter
930 2649 991 2713 dici
1013 2669 1100 2714 esse:
1121 2669 1197 2732 quae
1221 2670 1294 2713 vero
1314 2669 1368 2729 per

327 2747 533 2808 excellentiam
570 2766 643 2810 suae
677 2755 802 2811 naturae
848 2768 965 2812 omnent
1006 2768 1148 2827 sensum,
1184 2750 1365 2811 intellectum

325 2848 533 2927 rationemque
567 2847 699 2929 lugiunt,
721 2851 786 2912 iure
808 2852 903 2914 videri
925 2868 987 2914 non
1009 2859 1106 2912 esse.“
1126 2886 1167 2897 -
1190 2849 1253 2909 lloo
1275 2850 1365 2928 igitur

327 2947 418 3010 modo
444 2948 580 3010 dicuutur
601 2950 828 3032 essequaedam
853 2952 1083 3029 uniuscuiusque
1105 2949 1255 3010 essentiae
1279 2949 1365 3009 acci-

326 3047 438 3124 dentia,
461 3083 500 3094 -
521 3065 583 3112 non
608 3067 677 3112 esse
699 3067 772 3112 vero
794 3053 873 3130 ipsas
894 3049 1061 3112 essentias:
1085 3048 1365 3124 essentiaeqeninr)

325 3155 530 3228 agnoscuntur
559 3166 620 3212 non
644 3151 714 3231 quid
735 3152 817 3228 sint,
853 3150 908 3213 sed
940 3157 1082 3226 (tanturn)
1115 3150 1184 3230 quia
1214 3149 1300 3212 sint.“
1323 3184 1362 3199 -

328 3247 368 3328 (l,
388 3248 496 3326 2·-3·)
1382 3247 1388 3260 ’

410 3485 583 3565 „Secundus
615 3483 721 3546 modus
753 3483 782 3544 in
820 3489 990 3546 naturarum
1020 3487 1186 3544 creatarum
1208 3481 1364 3543 ordinibus

328 3586 545 3649 consideratur.
607 3585 815 3664 Unusquisque
837 3584 912 3646 ordo
947 3590 1045 3668 potest
1068 3583 1127 3646 aiei
1151 3600 1230 3661 esse,
1252 3589 1282 3644 et
1302 3597 1364 3642 non

326 3704 405 3748 esse.
460 3684 614 3747 lnlerioris
646 3683 726 3744 enim
766 3682 939 3763 allrrrnatio,
973 3683 1136 3764 superioris
1156 3688 1202 3744 est
1225 3682 1365 3762 negatio:

327 3786 479 3848 inferioris
505 3785 645 3868 negatio,
672 3789 717 3845 est
735 3784 899 3866 superioris
923 3782 1079 3848 affirmatio
1101 3789 1177 3846 etos
1197 3818 1238 3830 -
1257 3779 1296 3862 (l,
1316 3779 1364 3857 4.)

801 3912 829 3979 r.
861 3902 890 3963 5.

410 4017 526 4096 „Tertio
548 4015 637 4079 niodo
661 4036 720 4096 ea,
742 4035 818 4098 quae
840 4036 878 4080 ex
901 4021 1000 4083 causis
1021 4020 1083 4081 suis
1103 4019 1132 4078 iu
1154 4015 1277 4078 materia
1298 4015 1365 4078 lor·

325 4122 412 4196 mata,
434 4119 464 4181 in
486 4118 669 4200 temporibus
691 4125 721 4182 et
742 4119 818 4182 locis
839 4128 987 4201 generata
1012 4123 1253 4200 cognoscuntur,
1284 4135 1363 4198 qua-
