3010 4946
307 434 348 496 72

306 618 365 678 iarn
388 614 681 688 manducationem,
704 631 794 694 supcr
819 615 886 688 illis,
915 632 992 696 quae
1013 617 1082 677 item
1102 633 1175 677 vere
1196 623 1264 679 sunt
1283 615 1354 679 Eri-

293 714 448 798 'geniana‚
471 715 584 794 aliquot
604 714 795 790 carminibus,
817 721 946 790 tractatu
970 715 1007 776 de
1030 715 1146 776 visione
1175 716 1236 793 dei,
1269 717 1355 779 libris

307 817 333 879 v
358 816 395 880 de
419 816 569 878 divisione
593 822 717 878 naturae
741 815 809 878 data
831 833 924 895 opera
946 815 1096 896 disputare
1118 815 1305 882 decrevimus
1316 824 1355 894 ¹).

307 917 381 980 llam
407 933 484 995 quae
509 933 525 977 a
550 916 699 978 nonnullis
720 923 878 995 praeterea
903 919 997 980 Scuto
1021 916 1169 996 adscripta
1193 906 1271 994 sunt,
1293 935 1356 980 non

308 1016 427 1080 reddita
447 1022 545 1078 tamen
566 1019 683 1078 ratione
703 1015 861 1095 probabili,
883 1034 930 1094 ea,
953 1034 1040 1096 quum
1061 1016 1202 1079 librorum
1219 1035 1277 1096 ope
1295 1019 1363 1080 de-·

250 1179 253 1189 ,
309 1117 417 1181 stitutis
439 1117 528 1178 nobis
550 1118 679 1196 ipsorum
704 1134 824 1180 oausam
846 1116 1010 1200 diiudicare
1030 1133 1093 1178 nou
1115 1117 1245 1196 licuerit,
1268 1117 1356 1180 dein.

310 1235 381 1298 ocps
403 1216 579 1296 simpliciter
600 1224 712 1278 tantum
736 1217 938 1279 enumeranda
962 1217 1147 1280 arbitramur.

392 1317 530 1378 Carmina
554 1318 645 1398 igitur
665 1318 757 1393 Scoti,
781 1335 858 1398 quae
881 1319 969 1380 nobis
991 1319 1166 1395 innumere,
1185 1324 1267 1382 ,sunt
1297 1335 1357 1380 nu·

308 1435 393 1479 mero
414 1417 497 1480 XlV:
531 1417 561 1478 in
589 1419 745 1496 prooemio
778 1417 845 1480 libri
876 1418 918 1481 de.
943 1418 1155 1497 praedestinat.
1179 1417 1307 1480 babetur
1327 1418 1363 1498 l;.

309 1517 468 1598 prooemio
492 1517 748 1597 interpretationis
776 1517 1066 1599 Pseudo-Dionysii
1091 1519 1208 1580 adiecta
1229 1525 1298 1580 sunt
1312 1519 1356 1594 ll;

311 1618 443 1700 (langius
455 1618 485 1679 in
498 1617 685 1696 praefatione
698 1618 736 1679 ad
748 1618 859 1680 Labbei
873 1619 1051 1700 glossarium
1064 1619 1167 1690 ‚edidit
1177 1618 1208 1692 l,·
1228 1619 1359 1682 Scblue-

309 1722 391 1779 terus
414 1735 456 1778 ex.
473 1717 631 1779 codicibus
652 1719 762 1799 Angeli
787 1719 864 1794 llaii,
888 1726 918 1780 ut
941 1719 1022 1792 dicit,
1044 1737 1123 1780 nova
1146 1718 1359 1799 protulitX²)·

310 1817 521 1880 Brevissimum
544 1817 592 1894 lv,
612 1817 817 1898 longissimum
839 1817 877 1879 ad
889 1818 996 1880 LXXX
1017 1837 1123 1880 versus
1145 1819 1243 1881 babet.
1265 1819 1361 1880 Missa

308 1918 375 1979 lere
397 1923 470 1978 sunt·
486 1917 594 1979 Carolo
620 1917 718 1978 calvo.¹
760 1917 896 1979 Omnium
918 1917 1013 1980 ferme
1034 1927 1209 1999 argumenta
1229 1935 1268 1980 ex
1288 1919 1358 1998 plri-

309 2017 505 2098 losopborum
525 2017 795 2100 theologorumque
821 2019 932 2081 chartis
949 2020 1122 2100 deprompta
1137 2028 1218 2083 sunt:
1241 2021 1359 2082 canitur

313 2118 465 2198 „Christos
498 2119 684 2196 crucifixus“‚
717 2126 848 2198 „cmx“‚
892 2119 1061 2198 ‚,pascba“
1087 2127 1187 2200 'atque
1239 2120 1357 2182 siruilia.
1400 2115 1404 2122 ’

312 2221 442 2282 Errores
484 2221 638 2282 continent
676 2219 784 2282 multos
827 2221 1010 2300 eosdemque
1043 2222 1256 2302 propemodum
1290 2203 1359 2284 curn

243 2389 246 2396 ¹
312 2317 396 2396 libris
419 2317 458 2380 de
481 2319 629 2381 divisione
649 2326 774 2381 naturae
792 2327 824 2386 ⁴et
846 2320 1064 2400 depraedest.
1107 2323 1267 2384 Auctorem
1299 2322 1358 2384 sibi

312 2418 407 2481 luisse
430 2417 592 2480 ostendunt
614 2421 705 2480 multo
726 2421 821 2500 magis
843 2421 998 2497 eruditum,
1019 2439 1105 2500 quarn
1125 2423 1244 2502 politica
1258 2421 1356 2482 lacul-

270 2560 273 2564 -
313 2525 374 2584 tate
394 2520 551 2601 insignem.
593 2520 710 2581 Habent
742 2522 863 2582 omnino
896 2521 1038 2601 permulta
1069 2524 1113 2585 sic
1140 2522 1240 2602 putida
1269 2528 1358 2602 atque

314 2627 438 2702 arguta,
470 2626 503 2682 ut
524 2620 871 2702 deligentemlectorem
892 2639 953 2683 non
977 2622 1131 2684 offendere
1154 2641 1215 2684 non
1238 2627 1356 2701 queant.

289 2703 292 2710 ¹
313 2723 463 2798 Attamen,
487 2737 564 2802 quae
587 2721 703 2783 illorum
726 2728 889 2801 temporum
911 2729 956 2784 est
978 2725 1065 2800 ratio,
1084 2741 1195 2785 summa
1218 2721 1356 2799 prolecto

314 2809 403 2884 laude
426 2821 517 2902 digna
541 2828 617 2884 sunt.
650 2821 830 2884 Walalridus
854 2822 972 2902 quidem
987 2825 1095 2886 Strabo
1119 2839 1176 2882 nec
1199 2819 1357 2900 facilitatis,

315 2942 373 2988 nec
395 2923 563 3005 elegantiae
584 2923 710 3003 palmam
729 2923 838 2986 Nostro
855 2921 1040 3004 ‘praeripere
1068 2923 1171 3002 potuit.
1215 2919 1356 2983 Libellum

316 3024 514 3102 „derisione
536 3021 604 3083 dei“
624 3022 809 3084 lllabillonius
845 3023 1040 3102 deprehendit
1071 3023 1102 3083 in
1131 3041 1170 3084 m.
1196 3041 1221 3084 s.
1250 3021 1357 3082 codice

316 3122 582 3185 claromariscensi
611 3138 704 3202 prope
737 3121 1010 3202 Andomaropolim.
1065 3123 1134 3185 Post
1165 3139 1250 3196 eum,
1279 3119 1360 3202 quod

317 3222 436 3304 quidem
459 3223 598 3298 sciamus,
618 3223 666 3302 qui
688 3222 793 3284 librum
816 3223 935 3300 viderit,
957 3222 1012 3284 luit
1031 3241 1139 3303 nemo,
1184 3239 1359 3302 quamquam

315 3322 417 3404 plures
439 3339 505 3383 eum
526 3321 750 3401 diligentissime
774 3323 1033 3402 quaesiverunti).
1079 3329 1081 3336 '

398 3421 502 3484 Relert
523 3419 719 3499 blabillonius,
741 3422 853 3484 initium
875 3423 939 3484 eius
960 3422 1019 3485 boc
1039 3419 1151 3484 luisse:
1184 3419 1362 3500 „uracrams

321 3587 605 3605 M*-

374 3669 402 3737 1)
423 3668 502 3736 Sunt,
523 3670 569 3739 qui
589 3670 669 3720 etiam
692 3669 866 3740 doepiatolia
886 3671 1038 3742 loquantur.
1057 3671 1155 3724 Varum
1172 3679 1278 3744 praeter
1291 3669 1362 3732 illas,

419 3772 489 3826 quaa
511 3758 685 3827 Areopagitae
703 3767 731 3809 et
749 3759 860 3809 Maximi
880 3759 1131 3828 interpretationum
1143 3759 1362 3831 praeemineant,

416 3859 524 3913 prorant
542 3846 633 3897 nullae
655 3854 770 3908 exstant,
788 3847 881 3898 nullae
900 3857 1090 3900 memorantur.
1108 3877 1142 3890 -

371 3945 401 4015 2)
420 3948 453 3998 cl.
468 3946 534 4000 Eius
552 3948 617 4001 edit.
638 3948 700 4002 libr.
722 3949 756 4000 de
776 3948 828 4000 div.
847 3959 902 4002 nat.
921 3969 946 4020 p.
965 3953 985 4016 l,
1006 3969 1032 4021 p.
1052 3949 1104 4004 593
1122 3966 1178 4020 aeq.
1220 3989 1222 3994 .

372 4052 404 4118 3)
422 4053 456 4104 cl.
475 4059 533 4104 acta
551 4052 650 4106 bened.
667 4071 735 4106 saec.
755 4053 799 4106 lv.
820 4071 846 4122 p.
866 4056 907 4117 Il,
933 4069 959 4125 p.
977 4053 1067 4109 nxvl.
1087 4053 1186 4106 'l'born-
1205 4053 1281 4106 Gale·
1299 4051 1318 4104 l.
1335 4067 1359 4111 t..

420 4147 482 4192 teat.
499 4158 528 4211 p.
547 4141 587 4193 12.
605 4141 691 4196 Hiort·
711 4142 731 4194 1.
752 4159 775 4194 c.
793 4159 821 4212 p.
839 4141 884 4198 do
