3014 4950
1146 473 1181 536 lb

57 681 60 690 ·
138 651 217 716 locis
242 649 385 726 norninat,
406 663 466 722 res,
487 662 562 726 quas
582 648 747 724 continent,
767 647 841 710 satis
858 648 917 710 sibi
931 649 1184 730 cognitasiuisse,

138 755 252 832 ubique
273 752 391 830 scriptis
412 749 475 810 suis
499 747 640 810 declarat.
685 749 774 811 Cuius
804 749 850 810 rei
867 757 1057 830 -argumento
1078 753 1185 832 singu-

140 855 190 915 los
209 854 294 913 locos
314 850 458 930 allegare,
481 847 603 928 longum
627 855 692 926 ost,
732 865 830 929 neque
862 852 1067 914 necessarium
1100 853 1185 913 arbi-

143 961 255 1016 tremor
267 958 320 1027 12ι.
361 950 434 1012 Nam
470 966 559 1028 supra
592 949 649 1010 iam
683 949 977 1012 hlalmeshuriensem
1002 953 1187 1026 audivimus,

146 1071 211 1114 oum
235 1053 276 1112 ita
298 1055 442 1124 narraret,
466 1047 604 1110 Carolum
619 1049 734 1111 calvum
757 1051 917 1128 ,miraculo
933 1053 1105 1129 scientiae,“
1129 1070 1188 1132 qua

146 1155 256 1214 luisset
278 1143 404 1228 scotus,
429 1157 566 1230 captum,
587 1151 618 1211 in
641 1151 778 1211 omnibus
799 1150 890 1228 rebus
911 1151 940 1212 ei
961 1151 1115 1231 plurimum
1138 1153 1189 1212 in·
1211 1167 1214 1174 ’

147 1253 284 1315 dulsisse.
326 1251 421 1312 Unum
445 1256 543 1311 tamen
565 1249 624 1310 hoo
651 1249 720 1310 loco
743 1249 923 1313 monendum
947 1268 1018 1313 esse
1040 1259 1188 1332 potamus,

149 1355 267 1416 Scotum
287 1343 421 1418 nostrum
443 1349 592 1411 derebus
613 1349 830 1412 mathematicis
853 1350 1059 1430 disputantem,
1084 1353 1188 1414 mirum

149 1460 287 1534 quantum
311 1471 328 1514 a
347 1452 555 1514 mathematica
578 1452 737 1513 subtilitate
757 1452 865 1514 abesse
886 1452 1088 1532 deprehendi:
1109 1453 1191 1534 quod

148 1574 214 1620 cum
239 1555 313 1616 alias
335 1556 392 1633 ipsi
414 1570 471 1615 usu
492 1555 582 1633 venit,
603 1560 757 1616 tumuere
778 1553 834 1631 (de
856 1553 914 1616 div.
937 1561 997 1616 nat.
1021 1554 1070 1632 lll,
1101 1551 1191 1616 34-

149 1656 223 1728 36),
244 1654 296 1716 ubi
316 1653 448 1734 pluribus
469 1655 612 1734 explicat,
648 1670 724 1736 quae
756 1655 813 1716 sihi
846 1654 884 1717 de
917 1672 1056 1718 mensura
1079 1661 1190 1733 terrae,

149 1759 237 1820 lunae
259 1763 316 1816 εει.
340 1761 400 1816 εει.
422 1754 632 1816 verisimillima
651 1755 810 1818 videantur
822 1757 874 1834 ¹⁸).
970 1765 973 1772 ’

233 1857 336 1936 ltaque
359 1873 397 1917 eo
416 1862 589 1935 perventum
606 1861 675 1930 est,
705 1862 757 1934 ut,
794 1874 871 1938 quae
901 1858 932 1918 iu
963 1855 1077 1918 Ioanne
1107 1857 1195 1920 luerit

149 1952 361 2038 philosophiae
381 1962 410 2018 et
431 1955 605 2037 theologiae
627 1957 764 2034 scientio,
788 1957 1050 2020 demonstrandum
1072 1959 1118 2019 sit.

237 2058 353 2119 Certum
380 2057 469 2137 igilur
499 2058 742 2147 exploratumque
762 2059 916 2135 habemus,
941 2060 1070 2121 omnium
1092 2075 1194 2120 earum

151 2175 358 2238 rerumquae
380 2156 429 2238 illa
451 2163 549 2219 aelate
570 2177 588 2220 a
609 2157 758 2240 theologis
781 2158 983 2233 discebantur,
1006 2149 1098 2238 ipsum
1120 2159 1194 2220 satis
1303 2173 1305 2178 ·
1389 2191 1395 2206 x

151 2278 276 2342 gnarum
298 2259 402 2319 luisse.
446 2258 637 2337 Quantopere
657 2261 779 2339 graecis
799 2258 1104 2340 eeclesiae·patrihus
1124 2275 1193 2320 seso

151 2361 284 2437 dederit,
321 2359 381 2420 iam
411 2375 499 2438 supra
529 2359 695 2438 expositum
718 2366 783 2438 est,
822 2377 880 2422 nec
902 2361 1008 2424 ilerum
1031 2359 1195 2422 decantare

149 2463 237 2524 libet:
263 2467 293 2522 et
316 2459 433 2535 latinos,
455 2461 511 2522 etsi
533 2461 630 2522 rarius
645 2477 748 2522 eorum
767 2462 935 2523 testimonia
949 2461 1073 2541 profert,
1094 2468 1194 2524 tanuen

152 2561 223 2622 ideo
243 2578 303 2621 non
326 2560 468 2639 neglexit.
511 2562 706 2641 Augustinum
739 2562 858 2642 quidem
891 2561 984 2642 pluris
1015 2561 1080 2632 lere
1100 2563 1195 2626 aest'a·

153 2677 238 2724 mare
252 2667 282 2721 et
296 2660 464 2741 diligentius
478 2660 590 2742 legisse
603 2661 730 2738 videtur,
747 2679 833 2740 quam
845 2660 934 2723 ullum
955 2659 994 2720 de
1010 2662 1131 2740 graecis
1142 2665 1193 2731 1ι).

227 2761 358 2826 'Sacram
383 2759 493 2822 deinde
518 2761 715 2841 scripturam,
749 2778 807 2841 quo
840 2761 939 2824 studio
973 2760 1195 2840 pervolutavit‘l

152 2905 442 2938 'n-——tffl

188 3008 233 3075 12)
253 3008 308 3077 Qui
331 3015 418 3056 tamen
439 3005 560 3071 singulos
578 3005 651 3056 locos
671 3004 803 3072 inspicere
823 3004 955 3062 voluerit,
982 3001 1061 3052 adeat
1087 3001 1120 3052 de
1139 3001 1194 3052 din.

258 3105 315 3148 nat.
338 3097 358 3156 l,
380 3093 421 3155 16,
438 3095 481 3155 22,
500 3092 543 3154 29,
564 3090 607 3153 32,
626 3092 669 3153 33,
690 3091 734 3153 39,
752 3091 796 3154 46,
813 3092 861 3157 53;
881 3093 927 3151 ltt,
946 3087 995 3155 383
1013 3088 1046 3152 V,
1064 3091 1096 3157 43
1114 3106 1194 3162 prus-

261 3183 340 3251 cipue
360 3179 531 3246 lll,·3·'l-·36
551 3188 579 3231 el
599 3179 634 3231 do
651 3180 782 3248 praedest.
805 3197 861 3248 cup.
881 3177 976 3228 xtlllt.

194 3287 236 3352 13)
256 3286 348 3354 Quare
375 3285 561 3336 Schlueteruru
590 3285 670 3334 etiam
698 3284 726 3333 in
755 3301 787 3333 eo
812 3299 912 3334 errasse
940 3281 1089 3341 credimus,
1121 3281 1196 3350 qood

259 3377 297 3442 (p.
316 3375 365 3441 lll)
386 3373 451 3422 dicit
475 3370 606 3431 „Carolus
634 3371 724 3420 calvus
755 3387 800 3420 rex
827 3370 934 3420 scoram
956 3371 1068 3421 Parisios
1088 3369 1196 3430 vocarit

264 3468 291 3511 et
306 3461 456 3527 magistrum
478 3459 504 3508 in
520 3457 669 3507 -ruathesi
688 3492 695 3506 .
715 3492 722 3505 .
742 3494 748 3506 .
766 3459 935 3508 constituit.·‘
958 3487 992 3497 -
1022 3455 1146 3507 Ceterum
1167 3443 1209 3506 id'

263 3564 369 3616 quoque
390 3545 527 3596 fotendum
546 3552 594 3604 est,
614 3544 718 3594 nullum
735 3545 845 3594 omuino
865 3563 878 3594 a
899 3545 978 3595 nobis
997 3531 1090 3595 leste'm
1105 3561 1195 3612 reper-

260 3643 315 3684 tum
337 3649 405 3693 esre,
425 3633 501 3684 cuius
521 3633 680 3684 auctoritate
699 3617 815 3682 oorrhrus
833 3631 1005 3683 Scblueterus
1024 3631 1076 3682 hoo
1094 3632 1194 3682 dixisse

260 3722 349 3791 putari
370 3729 460 3789 queat.
907 3729 909 3734 ·

192 3822 238 3892 14)
259 3825 292 3876 os.
313 3825 346 3876 de
365 3822 416 3875 div.
435 3832 491 3875 nat.
513 3827 532 3884 l,
551 3825 600 3889 433
618 3823 663 3884 lV,
687 3823 720 3874 lt
738 3822 796 3894 (nbi
817 3822 1036 3886 „scientissimum
1058 3821 1196 3872 divinissi-

254 3929 381 3981 momque
409 3911 583 3978 theologum“
604 3921 726 3973 „tantum
754 3921 781 3962 et
799 3919 852 3962 tam
872 3926 994 3977 magnum
1013 3910 1115 3959 virtum‘
1134 3913 1195 3960 eoin

255 4001 385 4069 appellat,
404 4001 519 4069 aliisque
538 4007 676 4066 praeterea
697 3998 823 4049 laudibus
841 4006 928 4058 ornat,
947 4013 998 4047 nee
1011 4014 1064 4046 non
1078 3996 1195 4062 diligen-

258 4089 387 4139 tissimam
407 4089 465 4137 eius
483 4087 627 4137 lectionem
644 4085 783 4158 ostendit),
802 4087 824 4147 l,
843 4085 891 4151 45;
913 4086 944 4146 ll,
967 4085 1007 4146 15,
1028 4083 1072 4146 ab,
1090 4083 1133 4145 23,
1152 4081 1195 4145 28,

256 4176 306 4239 293
326 4175 370 4236 lll,
391 4175 417 4236 8,
439 4175 470 4250 ld
490 4181 539 4224 cet.
561 4182 611 4222 oet.

895 4237 896 4242 ‘
973 4263 995 4324 u
