3014 4950
1158 452 1197 516 93

157 619 281 691 Ericus:
303 624 377 704 „Vel
402 624 542 704 maxime,
563 629 668 708 inquit,
690 626 782 689 Vobis
804 633 956 688 aeternam
977 634 1062 706 parat
1082 645 1199 690 monro-

155 731 242 804 riam‚
265 727 344 806 quod
366 725 552 788 famatissimi
574 729 623 790 avi
643 727 742 790 Vestri
764 728 863 790 Caroli
890 727 1018 790 studium
1044 745 1117 808 erga
1140 730 1199 790 im-

156 828 297 891 mortales
334 825 507 906 disciplinas
538 847 598 890 non
632 829 723 890 modo
755 847 794 889 ex
827 845 924 908 aequo
953 830 1197 908 repraesentatis,

157 947 258 990 vemm
297 927 386 989 etiam
420 929 645 1008 incomparabili
680 929 802 990 lervore
842 929 1074 1006 transcenditis;
1118 928 1196 1003 dum,

157 1030 236 1111 quod
256 1029 307 1090 ille
328 1028 432 1107 sopitis
455 1029 557 1093 eduxit
578 1029 750 1104 cineribus,
780 1028 842 1089 Vos
872 1027 1006 1094 surrrento
1035 1025 1197 1106 multiplici,

156 1137 216 1193 tum
233 1128 464 1205 beneficiorum,
496 1135 556 1190 tum
578 1129 779 1206 auctoritatis,
799 1145 894 1208 usqua
914 1145 1029 1207 quaque
1051 1127 1197 1207 provebi-

155 1232 205 1293 tis.
226 1266 268 1279 -
289 1227 382 1289 -ld
405 1229 493 1290 vobis
516 1228 669 1310 singulare
693 1229 823 1290 studium
845 1227 1010 1306 effecistiS,
1042 1235 1074 1289 ut
1101 1227 1198 1290 sicubi

157 1339 301 1394 terrarum
338 1330 476 1410 magistri
505 1329 649 1391 florerent
682 1331 806 1407 artium,
842 1347 964 1409 quarum
1005 1329 1197 1409 principalem

157 1449 277 1510 operam
301 1429 489 1510 philosophia
509 1429 677 1510 pollicetur,
698 1430 758 1492 boc
782 1431 818 1490 ad
834 1429 981 1510 publicam
998 1429 1197 1492 eruditionem

155 1533 352 1611 undecunque
372 1531 479 1592 Vestra
501 1530 653 1594 celsitudo
668 1531 863 1610 conduceret,
886 1532 1010 1593 comitas
1027 1531 1197 1608 attraheret,

154 1631 305 1712 dapsilitas
329 1638 519 1712 provocaret.
543 1667 580 1680 -
603 1669 642 1682 -
665 1667 707 1680 -
729 1631 806 1706 Quid
826 1633 997 1694 Hiberniam
1022 1649 1197 1708 memorem,

155 1739 325 1813 contempto
358 1730 456 1812 pelagi
488 1731 661 1794 discrimine
682 1750 781 1814 paene
804 1739 867 1795 toto
890 1752 956 1795 cum
978 1749 1074 1814 grege
1097 1731 1197 1812 pbilo-
1284 1713 1290 1728 ⁸

155 1832 320 1912 sophorum
340 1831 379 1892 ad
402 1831 501 1893 littora
525 1837 628 1892 nostra
658 1832 861 1914 migrantem?
897 1832 1028 1905 Quorum
1064 1832 1196 1910 quisquis

145 1933 279 2014 ,peritior
299 1937 356 2008 est,
389 1931 541 1993 ultrosibi
565 1931 669 1994 indicit
688 1932 818 2011 exilium,
850 1939 882 1995 ut
902 1932 1054 1996 Salomoni
1073 1933 1197 2011 sapien-

155 2033 274 2095 tissimo
296 2030 450 2093 famuletur
472 2031 511 2093 ad
532 2037 643 2092 votnm.
667 2069 706 2080 -
728 2041 793 2082 -“
1134 2011 1139 2022 s

240 2131 337 2213 Atque
359 2134 439 2194 inter
469 2132 529 2193 hos
560 2134 662 2210 viros,
694 2133 849 2195 doctrinae
879 2133 968 2194 laude
1001 2135 1194 2214 conspicuos,

157 2251 280 2314 quorum
307 2233 413 2313 partim
434 2240 577 2310 vocatos,
608 2233 713 2313 partim
743 2233 821 2295 ultro
850 2233 887 2295 ad
911 2234 1050 2297 Carolom
1074 2237 1196 2296 venisse

155 2354 194 2397 ex
215 2334 305 2396 Erico
328 2334 484 2410 videmus,
519 2333 597 2395 lama
626 2333 664 2396 ad
696 2340 835 2414 posteros
862 2343 943 2400 certo
965 2353 1038 2415 prae
1060 2337 1197 2397 omnibus

154 2436 266 2497 ceteris
287 2435 410 2496 eminuit
432 2433 561 2496 loannes
582 2435 700 2496 Scotus.
743 2435 809 2508 Quo
837 2442 934 2497 autem
955 2437 1020 2498 iure
1042 2437 1196 2498 recentio-

154 2554 220 2598 rum
239 2533 393 2616 plurimi2)
417 2553 484 2597 eum
506 2554 524 2597 a
547 2533 656 2597 Carolo
678 2534 765 2597 calvo
792 2537 967 2598 arcessitum
997 2535 1114 2614 dicant,
1140 2554 1196 2598 nos
1224 2515 1229 2533 ’

152 2634 271 2715 quidem
324 2637 460 2716 prolecto
505 2653 568 2698 non
612 2621 816 2715 intelligimus.
889 2635 1060 2699 Guilielmus
1115 2639 1194 2698 enim

152 2736 437 2815 blalmesbnriensis,
458 2753 546 2818 quem
568 2738 693 2817 primum
714 2735 773 2798 hac
795 2736 832 2798 de
855 2755 889 2798 re
909 2739 1068 2818 scripsisse
1083 2741 1140 2800 iam
1154 2756 1196 2824 px

152 2839 267 2901 'l'boma
289 2839 421 2914 Galea-³)
455 2837 604 2918 colligas,
641 2854 788 2917 quemque
826 2838 945 2901 Simeon
981 2838 1196 2916 llonelmeosiS,

153 2939 293 3012 Matthias
315 2937 670 3015 westmonasteriensis,
702 2937 751 2998 alii
786 2938 824 3001 ad
852 2939 974 3000 verbum
996 2938 1059 3001 tere
1081 2938 1195 3000 deseri.

152 3046 293 3121 pserunt3
316 3039 371 3102 sed
385 3038 557 3102 Guiliolmus
570 3038 841 3123 lllalmesburiensis
858 3039 950 3101 tribus
964 3038 1077 3115 locist)
1089 3039 1209 3114 iisdem⁸

153 3191 156 3198 .
166 3194 499 3214 ---——-——-—-

258 3274 323 3324 loco'
337 3261 515 3324 dasirtbendo
534 3273 643 3342 saepius
658 3290 672 3323 a
686 3273 907 3324 Staudeomoiero
929 3276 1093 3335 recessimus,
1113 3292 1194 3342 quum

256 3359 347 3429 potius
370 3361 529 3411 Bollundum
550 3362 624 3431 (lolii
643 3379 725 3412 meus.
748 3372 812 3412 tom.
835 3363 892 3424 Vll,
910 3379 936 3431 p.
957 3363 1043 3414 2211?
1057 3393 1086 3403 -
1101 3364 1195 3434 buta)

256 3448 423 3518 sequendum
444 3466 500 3499 esse
519 3449 688 3512 duceremus,
707 3465 788 3518 quom
806 3448 895 3499 illum.

204 3552 234 3620 2)
252 3553 284 3603 cl.
304 3552 390 3602 Hiorb
411 3570 437 3622 p.
456 3549 597 3616 39-40,
628 3551 842 3603 Staudenmaier.
871 3570 898 3622 p.
929 3553 987 3604 151,
1022 3552 1196 3604 Scblueterus

232 3631 233 3635 ¹
252 3643 348 3692 sultam
366 3637 417 3690 hoc
436 3637 532 3701 habet,
554 3639 672 3701 Scotum,
690 3648 831 3710 postquam
849 3638 999 3690 inGellinrn
1018 3657 1046 3690 se
1068 3641 1197 3691 contulis-

251 3735 300 3789 set,
320 3745 335 3776 a
357 3741 419 3792 rege
441 3725 539 3778 Coroio
562 3727 675 3777 Parisios
694 3735 817 3779 vocatum
838 3745 904 3780 esse.

204 3815 235 3881 3)
254 3816 287 3866 cl.
307 3815 406 3868 Thoan.
428 3813 505 3864 Gale.
524 3815 542 3864 l.
554 3814 573 3864 l.
594 3816 693 3870 testim.
711 3833 737 3882 p.
758 3814 784 3869 5.

202 3900 233 3969 b)
255 3903 285 3953 lo
304 3901 374 3953 libro
395 3899 471 3952 Vde
493 3901 787 3953 Pontificibus-inedito
806 3903 895 3969 (Gale.
916 3909 976 3953 test.
991 3919 1016 3971 p.
1030 3901 1078 3967 5.)‚
1099 3901 1196 3969 inepi-

254 3989 325 4038 etolu
344 3987 378 4038 ad
399 3989 507 4039 Petrum
529 3987 663 4056 quendum
683 3993 729 4056 (ex
755 3988 847 4040 codiee
867 3991 891 4041 Τ
893 3989 999 4040 liuuneo
1022 3989 1059 4038 M.
1077 3987 1102 4036 S.
1123 3985 1195 4056 apod

249 4073 382 4126 'rhomum
411 4075 489 4128 Gale·
520 4075 568 4125 tl.
597 4093 624 4146 p.
644 4075 690 4143 7),
721 4078 749 4128 in
777 4076 854 4128 libris
874 4075 908 4128 tle
926 4078 1007 4146 gestis
1027 4091 1117 4144 regum
1144 4074 1197 4126 Au·

251 4161 318 4230 glor.
338 4161 372 4224 ll,
390 4161 415 4212 ⁴2.
