3014 4950
315 399 335 462 6

313 581 498 661 temporibus
526 580 584 641 nisi
611 579 772 660 Erigonam
802 578 849 639 vel
869 579 958 639 etiarn
979 577 1162 659 eriugenam.
1182 579 1355 660 appellatum

314 697 375 742 non
397 697 465 742 esse
478 683 528 756 ¹⁷).
560 679 633 741 Nam
647 679 775 740 Thomas
794 679 902 740 Galcus
925 679 944 740 l.
966 679 986 740 l.
1005 677 1082 766 haec
1098 680 1203 742 trahet:
1224 680 1353 759 „Omnes

315 781 438 843 codices
471 796 571 840 mmss.
603 797 663 841 uno
696 779 780 858 quasi
813 796 866 840 ore
888 786 918 840 et
938 783 1082 859 perpetuo
1103 798 1175 860 prae
1198 798 1231 842 se
1256 780 1356 843 ferunt

315 889 366 944 aut
386 883 546 962 Erigonam
569 887 618 941 aut
638 879 818 961 Eriugenam
841 925 849 942 .
871 926 879 942 .
900 925 908 942 .
932 887 962 942 et
985 880 1103 962 quidem
1119 882 1149 944 in
1172 883 1299 960 antiquis
1319 881 1356 942 li-

315 983 378 1045 bris
403 984 522 1060 saepius
541 981 691 1062 Eriugena
715 980 831 1058 dicitur,
854 997 940 1061 quam
961 981 1115 1062 Erigena3
1143 988 1224 1043 certe
1245 983 1275 1043 in
1299 999 1356 1042 co.-

316 1083 383 1144 dice
404 1081 524 1143 ultimae
546 1082 725 1161 antiquitatis
750 1082 814 1162 (qui
836 1099 915 1142 nunc
936 1089 1072 1143 servatur
1094 1082 1124 1143 in
1139 1079 1271 1144 biblioth.
1287 1079 1355 1143 ool-

315 1181 387 1263 legii
416 1198 440 1244 s.
461 1182 609 1243 Trinitatis
632 1180 805 1257 Cantaba),
839 1199 898 1261 quo
922 1199 994 1243 usus
1017 1188 1064 1244 est
1085 1181 1223 1244 Usserius
1245 1183 1357 1242 Arma·

316 1281 429 1342 chunus
453 1286 483 1342 et
505 1297 564 1363 ego
586 1297 724 1361 quoque,
753 1280 893 1342 scribitur
925 1281 1095 1362 Eriugena,
1128 1298 1188 1342 non
1215 1280 1355 1362 Erigena.

316 1382 359 1443 lta
381 1398 499 1462 quoque
520 1379 663 1445 Sullridus
687 1381 775 1454 Petri,
798 1382 837 1441 ita
860 1383 890 1442 in
911 1383 973 1442 suis
996 1384 1108 1461 reperit
1124 1382 1285 1460 Dionysius
1297 1381 1355 1440 Pe-

315 1481 427 1558 tarius,
463 1483 505 1542 ita
536 1479 683 1560 Philippus
714 1479 882 1542 LabbeuS.“
912 1517 944 1526 -
977 1481 1101 1543 Constat
1127 1481 1255 1562 denique
1278 1483 1356 1541 inter

317 1599 433 1660 omnes,
454 1582 554 1643 Nostri
573 1579 756 1661 temporibus
778 1582 921 1660 plurimos
945 1597 984 1643 ex
1004 1582 1144 1644 Hibernia
1170 1584 1200 1644 in
1232 1581 1354 1644 Galliam

316 1682 438 1745 venisse
459 1683 550 1759 viros,
574 1682 730 1745 doctrinae
751 1682 839 1743 laude
863 1683 1021 1744 admodum
1043 1683 1204 1761 llorentes,
1227 1701 1285 1744 nec
1307 1689 1356 1744 ta-

315 1801 385 1845 men
405 1782 493 1845 ullum
515 1783 660 1860 reperies,
684 1783 732 1862 qui
755 1779 916 1862 appellatus
936 1785 974 1844 sit
996 1781 1145 1864 Erigena3
1168 1801 1272 1846 omnes
1291 1783 1356 1844 sive

316 1885 409 1962 Secti,
431 1885 495 1945 sive
515 1881 649 1960 Hiberni,
678 1885 743 1944 sive
766 1879 999 1946 scoto-Hiberni
1023 1885 1207 1948 dicebantur.
1249 1885 1355 1946 Ericus

316 1983 435 2063 quidem
457 1982 729 2045 Antissiodorensis
752 1983 791 2046 ad
815 1983 951 2060 Gerulum
975 1985 1093 2048 Calvum
1116 1989 1156 2050 ita
1177 1987 1281 2049 scribit
1295 1989 1355 2068 ¹⁸)²

316 2083 416 2163 „Quid
437 2083 608 2144 Hiberniam
629 2101 807 2160 memorem,
844 2093 1012 2165 contempto
1044 2088 1143 2168 pelagi
1172 2087 1354 2161 discrimine,

317 2201 395 2266 pene
408 2191 470 2246 toto
487 2202 553 2246 cum
570 2201 665 2265 grege
681 2184 921 2264 philosophorum
936 2187 973 2246 ad
990 2186 1086 2248 littora
1099 2194 1200 2248 nostra
1221 2189 1358 2266 migran-

317 2283 471 2346 teml“-
484 2283 595 2345 Eadem
610 2285 693 2346 dere
716 2286 831 2348 consuli
854 2294 954 2366 potest
974 2288 1101 2348 lacobus
1121 2287 1270 2360 Usserius‚
1292 2286 1356 2346 Ar-

318 2384 481 2446 machanus
496 2383 748 2465 archiepiscopus,
761 2386 791 2446 in
802 2385 988 2466 praefatione
1000 2387 1036 2446 ad
1048 2384 1237 2465 epistolarum
1246 2385 1356 2446 Hiber·

319 2485 453 2546 nicarum
469 2483 623 2566 syllogen:
646 2486 744 2564 plures
761 2487 837 2547 enim
854 2487 941 2548 hicce
961 2489 1005 2547 vir
1016 2487 1206 2548 doctissimus
1219 2493 1359 2550 recenset

319 2583 479 2661 Hibernos,
502 2586 550 2666 qui
571 2603 625 2664 per
646 2585 744 2648 Caroli
768 2590 879 2668 magni,
903 2586 1002 2649 Caroli
1018 2588 1105 2660 calvi,
1126 2587 1242 2649 hllredi
1257 2590 1356 2666 magni

321 2689 453 2764 tempora
477 2684 610 2747 doctrina
631 2693 816 2766 praestantes
828 2691 995 2750 innotuere.
1027 2690 1082 2764 Qui
1096 2707 1169 2750 vero
1183 2691 1222 2752 ob
1233 2689 1355 2768 patriam

319 2785 490 2847 Hiberniam
514 2785 643 2866 Erigena
667 2792 896 2869 cognominatus
918 2794 966 2868 sit,
988 2790 1126 2852 inventus
1147 2797 1192 2851 est
1213 2791 1312 2848 tiemo.

404 2887 603 2950 certissimum
636 2889 725 2970 igitur
744 2908 813 2952 esse
835 2899 987 2970 putamus,
1023 2891 1164 2953 loannem
1196 2908 1257 2952 non
1285 2890 1354 2950 ideo

320 3005 389 3049 esse
412 2989 650 3068 cognominatum
674 2989 844 3072 Erigonam,
866 2998 897 3052 ut
929 2993 1077 3053 indicetur
1106 2993 1163 3069 „ab
1196 2991 1266 3053 Erin
1299 3007 1357 3070 ge-

319 3089 462 3168 nitus¹⁹),
483 3087 537 3149 sed
557 3105 726 3169 cognomen
747 3090 896 3172 Erigonae
921 3091 979 3172 ipsi
1000 3092 1118 3154 aliunde
1145 3093 1276 3154 venisse.
1324 3089 1376 3151 ld

320 3205 407 3269 quum
430 3188 630 3269 intelligerent
650 3191 707 3252 viri
734 3190 825 3270 docti,
849 3199 984 3273 coeptum
1006 3201 1053 3254 cst
1076 3196 1277 3274 quaerimur
1300 3209 1357 3252 ve-

212 3320 221 3332 *
320 3291 409 3370 stigia
431 3288 527 3371 aliqua
550 3289 865 3370 deprehenderentur,
896 3294 975 3356 unde
997 3294 1147 3376 Erigenae
1169 3310 1278 3355 nomen
1300 3293 1358 3354 du-

214 3439 216 3442 .
323 3397 401 3454 ctum
424 3390 520 3452 videri
541 3393 643 3472 possit.

403 3495 463 3582 lam
484 3495 583 3556 cuncti
604 3501 785 3578 statuerunt,
818 3496 850 3558 id
870 3497 950 3579 quod
971 3512 1028 3558 nos
1049 3511 1167 3577 quoque
1186 3497 1357 3576 probamus,

327 3644 612 3670 W..-

359 3732 404 3798 17)
422 3732 456 3782 cl.
474 3731 570 3783 Thcm.
590 3730 667 3783 Gale.
686 3730 705 3781 l.
724 3730 743 3781 l.
764 3737 837 3782 teatt.
858 3746 883 3798 p.
899 3728 925 3780 9.

358 3833 403 3902 18)
422 3834 455 3886 cl.
472 3832 568 3886 Thorn.
586 3835 689 3886 Moore.
707 3833 725 3884 l.
743 3833 761 3883 l.
782 3835 801 3884 l.
822 3831 864 3886 13.

359 3937 404 4008 19)
424 3937 510 4008 Supra
528 3936 642 3988 diximus
663 3938 709 4002 „in
726 3937 791 3989 Erin
809 3942 924 3988 natus:“
946 3936 1095 3987 accuratior
1115 3931 1297 4000 grammaticae
1317 3944 1358 3979 ra·

423 4027 462 4077 tic
483 4025 603 4095 postulat
619 4024 671 4089 „ab
690 4025 754 4076 Eriu
775 4024 910 4092 genitum
946 4025 986 4077 ct.
1013 4021 1171 4090 anguigena,
1200 4017 1360 4086 alienigena,

421 4111 595 4182 Latonigena.
614 4147 622 4163 .
642 4148 649 4162 .
