3014 4950
174 405 341 482 'aa

299 593 379 674 quod
413 593 564 656 dilectioni
597 599 716 655 vestrae
753 592 948 652 venementer
980 595 1122 673 rogantes
1154 594 1338 671 mandamus,

297 701 443 776 quatenns
464 693 653 774 Apostolatni
674 700 777 755 nostro
795 694 978 772 praedictum
997 692 1138 756 loannem
1158 711 1339 775 repraesen-

297 795 353 856 tari
387 793 535 869 faveatis,
560 801 618 854 aut
647 799 730 856 certe
753 793 875 854 Parisiis
896 796 926 853 in
956 793 1072 854 studio“
1104 796 1143 868 (i.
1166 813 1192 855 e.
1216 795 1338 870 subola)

297 896 400 974 „cums
422 893 553 974 Capital‘
576 896 662 981 (ie.
687 900 791 974 capul)
824 895 900 972 ,iam
931 893 1001 954 olim
1032 893 1124 956 luisse
1157 894 1338 975 perhibetur,

249 1039 251 1042 -
296 997 408 1058 morari
430 1013 490 1056 non
513 996 618 1058 sinatis
634 1041 641 1058 .
700 1001 772 1072 ¹¹).“
794 995 900 1056 -lle
923 1001 1068 1076 tempore,
1093 1013 1152 1075 quo
1174 997 1249 1058 haec
1270 998 1338 1076 epi·

296 1095 373 1158 stola
394 1098 504 1176 scripta
528 1097 575 1172 sit,
598 1096 705 1177 legitur
725 1095 803 1176 apud
825 1095 984 1157 Bulaeum:
1004 1097 1337 1177 „DatumunnoApost

294 1197 391 1276 nostri
422 1195 505 1274 lll.‚‘⁴
535 1197 584 1275 qui
616 1203 664 1264 est
684 1213 779 1258 annus
806 1195 987 1259 DCCCLX.:
1032 1195 1081 1258 alii
1119 1195 1238 1273 dieunt,
1272 1197 1338 1257 cir-

296 1299 372 1360 citer
392 1299 522 1379 quinque
545 1297 631 1359 annis
654 1304 721 1377 post
742 1315 808 1358 cam
829 1313 897 1359 esse
922 1296 1028 1360 datam.
1061 1297 1175 1370 Quodsi
1196 1297 1244 1358 hic
1261 1297 1338 1359 illius

295 1397 440 1478 epistolae
466 1397 550 1459 locus
573 1407 647 1474 (nec
673 1397 857 1474 dubitamus,
892 1399 963 1476 quin
993 1399 1035 1460 ita
1063 1398 1116 1472 sit)
1139 1415 1172 1458 re
1195 1415 1267 1459 vcra
1292 1404 1339 1460 est

293 1499 421 1576 Nicolai,
444 1501 551 1562 Scelus
572 1505 675 1560 noster
698 1500 779 1562 circa
804 1515 858 1560 eos
881 1515 988 1578 annos,
1012 1517 1087 1579 quos
1111 1498 1248 1578 diximus,
1278 1501 1338 1561 iam

294 1599 408 1681 pridem
431 1599 647 1663 Parisiensibus
668 1599 832 1662 litterarum
864 1599 969 1661 studiis
991 1616 1052 1661 non
1077 1601 1174 1662 solum
1197 1600 1338 1676 interfuit,

223 1694 227 1706 '
295 1720 397 1763 verum
418 1703 505 1763 etiam
525 1701 663 1782 praefuit.
707 1701 853 1775 Quamdiu
889 1707 985 1761 autem
1017 1708 1123 1779 postea
1155 1718 1192 1762 eo
1223 1697 1338 1762 bonore

296 1821 331 1864 ac
364 1801 433 1864 loco
466 1803 624 1877 manserit,
655 1801 743 1881 plane
771 1801 959 1882 ignoramus:
997 1817 1055 1862 nec
1077 1801 1157 1863 ullibi
1178 1803 1337 1883 quidquam

294 1904 493 1982 perscriptum
514 1902 690 1977 invenimus,
713 1900 793 1962 unde
818 1907 969 1980 appareat,
999 1907 1094 1962 utrum
1116 1901 1233 1964 Nicolai
1254 1904 1338 1964 iussu

193 2048 197 2054 .
295 2002 418 2063 Romam
440 2003 547 2062 missus
569 2001 616 2076 sit,
638 2017 767 2061 neone.
810 2000 1073 2063 Staudenmaierns
1093 2011 1137 2080 (p.
1157 2001 1335 2079 too-167)

295 2121 362 2164 enm
386 2119 445 2164 non
469 2120 538 2164 esso
561 2103 680 2166 missum
704 2101 848 2164 affirmat:
869 2120 925 2163 nec
941 2110 996 2180 est,
1020 2103 1100 2182 quod
1115 2104 1223 2166 nimiae
1240 2107 1333 2185 ipsum

294 2204 470 2265 temeritatis
497 2221 627 2284 arguere
655 2203 792 2265 velimus.
836 2203 959 2265 Constat
989 2205 1086 2282 enim,
1124 2224 1211 2284 quam
1246 2223 1334 2267 carus

294 2305 361 2383 regi
385 2321 439 2366 sno
462 2302 551 2365 suerit
570 2303 720 2384 Erigona,
754 2311 784 2366 et
805 2305 883 2366 hunc
906 2305 1002 2384 ipsum
1025 2323 1127 2386 regem
1150 2310 1238 2368 etiam
1260 2305 1334 2368 alias

293 2422 473 2466 summorum
494 2405 664 2484 pontificum
685 2406 824 2468 mundata
846 2423 950 2486 parum
973 2423 1105 2468 curasse.

376 2505 530 2584 Reliquum
554 2512 616 2584 est,
652 2512 684 2568 ut
718 2506 756 2569 de
789 2507 977 2588 gravioribus
998 2506 1172 2586 quibusdam
1191 2508 1334 2587 negotiis,

294 2623 372 2687 quae
399 2613 555 2685 praeterea
588 2605 693 2669 loanni
724 2606 872 2669 acarolo
900 2606 1039 2668 mandata
1061 2625 1130 2668 esse
1152 2609 1331 2686 accepimus,

229 2715 230 2720 ’
294 2707 398 2788 paucis
435 2705 594 2768 dicendum
626 2707 673 2769 sit.
717 2705 800 2781 Quae
832 2706 952 2787 quidem
985 2707 1106 2769 omnino
1138 2706 1223 2769 suere
1254 2705 1329 2768 duo:

294 2806 429 2885 alterum,
450 2813 481 2870 ut
500 2807 590 2869 latine
612 2807 753 2870 redderet
775 2815 805 2870 et
825 2809 918 2871 libros
938 2807 1050 2887 aliquot
1060 2799 1333 2886 Pseudo-Dionysii

294 2915 325 2970 et
345 2908 466 2972 Scholia
487 2907 605 2970 llanimi
624 2908 779 2972 cuiusdam
797 2909 829 2972 in
853 2909 1032 2992 Gregorium
1048 2905 1220 2989 theologum
1242 2917 1334 2987 (quae

296 3083 622 3099 m

330 3175 376 3245 11)
397 3177 441 3229 Sic
459 3176 563 3226 Nicolai
584 3177 604 3226 l.
631 3174 713 3225 verba
742 3191 771 3226 se
798 3173 901 3226 habeut
927 3173 1000 3245 apud
1029 3174 1154 3236 Bulaepm
1173 3172 1249 3240 (hist.
1269 3173 1335 3222 Uni-

394 3264 485 3315 versit.
505 3263 583 3314 Paris.
602 3271 666 3314 tom.
688 3265 712 3326 1,
732 3280 748 3330 p
778 3261 858 3331 184),
883 3261 982 3333 quide
1004 3263 1117 3331 antiquo
1136 3260 1282 3332 exemplari
1303 3275 1335 3310 ea

393 3351 553 3420 deprompta
582 3367 639 3400 esse
668 3351 708 3400 ait
735 3349 847 3402 laudans
871 3350 1008 3408 „Gabrieb
1034 3349 1139 3402 Naudei
1166 3350 1278 3400 Colleet.
1301 3365 1335 3397 en

397 3437 524 3490 biblioth.
546 3437 649 3489 Onon.“
686 3436 739 3489 Sed
756 3437 881 3490 inventus
899 3445 947 3500 est,
976 3438 1023 3507 qui
1045 3437 1175 3488 Balneum
1194 3435 1333 3486 fraudieu-

392 3518 435 3576 lac
476 3525 630 3577 insimulare
664 3526 763 3586 vellet,
796 3525 870 3596 quod
899 3525 980 3576 verbu
999 3523 1033 3576 de
1058 3523 1173 3582 „Schola
1192 3519 1332 3575 Parisiensi

392 3614 504 3682 eiusque
524 3613 660 3681 praelecto
681 3613 812 3678 Erigona“
830 3646 857 3662 ..
879 3613 935 3681 ipse
945 3611 1115 3663 tremuisset.
1134 3611 1233 3662 Verum
1246 3610 1334 3660 enim-

376 3718 473 3763 ·vero,
500 3699 574 3770 quod
601 3700 664 3761 alii,
693 3700 740 3768 qui
768 3707 872 3750 tanturn
892 3697 1021 3768 quaedam
1044 3716 1077 3750 ex
1094 3699 1199 3750 Nicolai
1218 3695 1333 3766 epistola

376 3795 518 3855 excerpta
539 3787 694 3848 habebunt,
724 3787 753 3838 iu
774 3785 815 3836 his
834 3787 882 3836 illa
902 3785 983 3837 verba
1002 3804 1056 3837 non
1076 3788 1213 3850 legerent,
1240 3783 1334 3835 Bulaei

391 3873 471 3925 fidem
489 3891 544 3926 non
565 3883 719 3943 expugnut3
747 3889 797 3924 nec
819 3873 865 3936 id,
897 3873 971 3942 quod
993 3873 1035 3922 illi
1054 3871 1184 3942 quaedum
1204 3872 1333 3938 legerent,

390 3962 551 4033 quaalnpud
570 3963 642 4013 hunc
661 3979 716 4012 non
732 3969 817 4012 erant.
854 3961 921 4012 Nam
948 3970 976 4011 et
1005 3960 1118 4010 Bulaeus
1143 3965 1227 4006 —ut
1254 3955 1333 4005 Stau-

391 4047 536 4100 denmuier.
567 4049 586 4099 l.
606 4065 629 4098 c.
658 4056 730 4099 recte
759 4056 849 4099 monet
879 4077 910 4088 -
938 4047 1060 4098 vforsitam
1091 4043 1178 4096 soldm
1208 4049 1335 4112 excerpto

371 4155 374 4162 ·
394 4134 498 4186 habuit.
