3014 4950
1146 493 1183 557 17

145 669 203 730 huc
224 667 343 728 redire:
369 665 498 744 „Omnia
520 679 716 746 quaecunque
730 670 808 743 sunt,
831 681 893 726 nou
909 665 1080 730 radicaliter
1093 672 1184 732 modo

145 777 176 832 et
196 769 377 845 virtualiter,
406 768 460 828 sed
483 775 513 828 et
534 766 734 828 essentialiter
754 768 785 828 in
805 768 870 829 lleo
893 769 1061 847 contineri,
1097 778 1185 850 atquc

146 871 225 931 adeo
249 870 346 930 omnia
369 885 408 928 ex
426 869 492 929 Deo
516 869 552 929 ah
576 873 698 928 aeterno
727 885 889 948 progressa
909 885 977 930 esse
1001 876 1030 929 et
1050 869 1185 946 lluxissc,

146 972 235 1050 ioque
256 971 357 1030 varias
378 969 492 1030 classes
515 968 689 1030 Interiorum
713 975 742 1028 et
763 970 971 1048 superiorum,
1004 969 1185 1032 deteriorum

146 1071 359 1149 meliorumque
390 1071 500 1130 eutium
530 1067 667 1130 distincta
689 1069 809 1129 taudem
832 1061 862 1129 in
886 1069 997 1131 lentem
1020 1073 1185 1152 originem.

146 1190 205 1253 que
229 1189 310 1231 suam
332 1170 367 1246 (i.
390 1186 417 1230 e.
439 1170 471 1231 in
492 1169 602 1246 Deum)
623 1167 755 1230 reditura
779 1178 881 1230 esse.“
923 1170 990 1231 lure
1017 1172 1055 1232 de
1078 1173 1185 1235 eadem
1219 1171 1225 1180 '

145 1273 295 1350 Erigonae
311 1269 496 1350 philosophia
515 1268 575 1330 hoo
597 1287 715 1349 quoque
730 1269 839 1350 legitur
855 1271 931 1349 apud
944 1271 1185 1352 Bructerorum:

148 1375 252 1452 „Quae
283 1374 417 1452 quamvis
452 1351 576 1433 externa
610 1372 785 1434 dialecticae
813 1375 953 1437 methodo
976 1379 1185 1462 tractandique

145 1474 251 1535 ordine
275 1472 467 1534 Aristotelem
489 1473 612 1546 rel'erat,
651 1491 737 1554 quem
762 1475 880 1553 Scelus,
912 1493 1044 1556 graecae
1064 1479 1185 1562 linguae

144 1581 284 1636 accurate
304 1591 429 1656 gnarus,
460 1574 571 1654 legisse
592 1573 719 1648 videtur,
750 1581 810 1636 tota
832 1581 931 1638 tamen
951 1578 1185 1645 Alexandrinum

144 1675 362 1737 Platonicorum
394 1677 595 1735 recentiorum
636 1681 766 1754 systema
798 1678 954 1756 exprimit,
992 1689 1185 1763 apertumque

143 1777 223 1855 lacit,
244 1782 335 1836 totam
355 1775 424 1836 eum
446 1774 597 1852 (Scotum)
631 1775 863 1856 metaphysicam
885 1795 967 1839 suam
989 1797 1028 1841 ex
1049 1782 1186 1844 Pseudo-

143 1877 289 1956 Diouysio
315 1875 529 1956 (Areopagita)
553 1876 711 1954 hausisse,
745 1883 776 1938 et
806 1879 887 1940 iuxta
917 1877 1023 1942 horum
1045 1883 1184 1962 philoso-

143 1975 270 2058 phorum
290 1975 396 2055 placita
416 1976 656 2056 philosophari.“
679 2013 719 2025 -

230 2078 326 2157 Atque
355 2077 392 2138 de
423 2077 507 2140 Scoti
539 2077 674 2146 doctrina
706 2079 778 2139 satis
811 2077 920 2141 dictum
945 2088 999 2142 est.
1043 2083 1185 2146 Venimus

144 2192 227 2237 nunc
256 2177 293 2238 ad
325 2177 372 2254 id,
407 2179 491 2239 cuius
525 2178 620 2258 gratia
653 2184 742 2238 totam
774 2178 851 2239 illam
875 2180 1101 2260 disputationem
1127 2186 1184 2246 hoe

144 2279 213 2339 loco
237 2277 425 2354 inseruimus,
448 2276 525 2338 unde
547 2279 655 2340 Scotus
676 2277 842 2339 doctrinam
862 2297 944 2341 suam
965 2287 1140 2362 perceperit.

227 2379 410 2458 Quamquam
434 2397 469 2439 ea
491 2385 598 2456 aetate,
623 2399 680 2460 qua
702 2386 805 2441 nostro
822 2381 932 2442 iudicio
946 2381 1077 2464 Erigena
1096 2393 1183 2450 natus
1283 2434 1285 2439 .

142 2488 208 2556 est,
239 2480 361 2541 saeculo
384 2497 465 2540 nono
487 2481 623 2556 ineunte,
654 2497 708 2560 per
740 2487 829 2542 totam
853 2481 983 2544 Scotiam
1008 2493 1095 2565 atque
1115 2490 1184 2550 An*

143 2579 233 2660 gliam
256 2581 416 2641 litterarum
439 2581 535 2642 studia
558 2583 680 2641 omniuo
695 2583 889 2642 intermortua
904 2585 1053 2664 iacebant,
1074 2594 1182 2666 lernen,
1259 2617 1261 2622 ·

142 2683 208 2743 sive
231 2685 260 2742 in
282 2683 381 2744 Scotia
403 2683 529 2742 natalem
552 2682 651 2743 locum
671 2682 790 2762 hahuit,
822 2685 905 2762 sive,
936 2687 966 2747 id
989 2689 1069 2767 quod
1094 2691 1181 2752 nobis

141 2783 338 2844 certissimum
362 2784 455 2844 visum
479 2790 534 2860 est,
557 2785 588 2844 in
610 2783 728 2864 Anglia,
749 2792 875 2864 utroque
898 2793 981 2848 certe
1004 2788 1072 2850 loco
1088 2790 1182 2870 prima

140 2884 317 2944 eruditionis
351 2891 440 2964 atque
467 2884 621 2944 doctrinae
653 2903 725 2946 suae
750 2884 940 2948 fundamenta
962 2888 1100 2952 facillime
1122 2892 1180 2953 sibi

141 2984 323 3045 constituere
345 2986 447 3063 potuit.
491 2985 619 3046 Asseros
650 2985 791 3065 quidem,
825 2988 871 3047 vir
897 2987 947 3050 ille
978 2989 1179 3070 doctissimus,

53 3069 56 3074 ’
142 3086 224 3146 cuiuis
246 3083 417 3146 fidelissima
448 3102 539 3164 opera
573 3086 603 3146 in
624 3087 792 3146 excitandis
814 3087 975 3151 litterarum
997 3091 1102 3154 studiis
1124 3094 1180 3154 Al-

42 3245 44 3253 ,
143 3183 242 3246 fredus
255 3203 380 3266 magnus
389 3185 545 3263 utebatur,¹
558 3185 587 3246 in
603 3203 639 3246 ea
653 3189 715 3266 ipsa
728 3187 854 3268 regione
866 3195 916 3267 ²⁰),
938 3209 995 3272 qua
1017 3193 1179 3274 Erigonam

244 3469 392 3520 claramlam
413 3470 535 3520 Bructeri
554 3455 642 3538 potius
663 3471 749 3521 verbis
768 3477 806 3522 uti
829 3473 1006 3536 maluerimus,
1028 3492 1107 3543 qnam
1127 3495 1179 3528 no-

239 3559 313 3620 stris,
344 3567 399 3620 cet,
428 3559 584 3628 opinamur,
613 3560 641 3608 ln
660 3567 794 3627 promptu.
817 3587 844 3598 -—
865 3561 959 3630 Neque
977 3580 1073 3630 magno
1095 3581 1176 3633 opere
1208 3609 1210 3613 ,

237 3663 286 3697 nos
305 3654 402 3706 mouet,
423 3638 495 3716 quod
515 3664 582 3696 tinius
602 3655 629 3696 et
650 3648 712 3697 ilem
734 3648 811 3707 alter,
843 3651 888 3718 qui
909 3649 1073 3714 syllabarum
1095 3667 1179 3701 nucu.

235 3751 296 3802 pem
317 3734 383 3784 vetit
402 3749 494 3802 agere,
519 3736 546 3784 in
565 3734 607 3784 his
632 3733 754 3784 Bructeri
778 3735 882 3798 verbis,
901 3753 969 3806 quae
989 3737 1175 3806 reprehendat,

236 3823 310 3872 facili
330 3838 410 3891 opera
431 3823 551 3872 invenire
572 3816 666 3890 pce'alt.
686 3851 719 3866 -

172 3925 527 3994 mamam-

169 4029 216 4096 20)
237 4032 267 4080 ln
287 4038 371 4098 parte,
390 4038 420 4080 ut
441 4028 556 4080 traditur
576 4032 620 4096 (ef.
643 4049 719 4101 supra
743 4049 799 4100 cap.
821 4031 843 4098 l)
871 4027 999 4080 (dioecesis
1027 4029 1176 4080 Monoecu-

132 4167 134 4176 Α
233 4119 282 4166 sis:
305 4126 385 4186 atque
405 4118 432 4167 in
452 4119 508 4186 ipsa
527 4117 650 4168 menevia
669 4121 779 4170 Asseros
798 4117 830 4168 ad
855 4117 958 4168 litteras
979 4117 1109 4168 incubuit,
1134 4116 1173 4168 Cs.

233 4204 339 4255 mabill.
362 4207 449 4256 unhul.
468 4206 567 4256 Beued.
591 4206 638 4256 lib.
659 4205 800 4269 XXXVIII,
821 4223 838 4256 n
866 4204 908 4255 71.
