2970 4948
1134 451 1174 514 lb

141 639 295 712 tangens):
320 632 447 708 itemquo
470 627 524 699 (nd
550 644 604 688 ens
625 636 805 698 conversos)
827 625 877 686 bic
901 631 968 686 sunt
991 623 1050 686 duo
1073 627 1174 706 anagni

30 771 32 780 ι
141 731 237 793 clerici
269 729 404 790 immensi
439 734 468 789 et
501 746 575 790 uinus
597 729 724 810 exiguus
744 731 872 806 (piscem
895 726 1084 790 nibilominus
1107 734 1175 788 tan.

161 835 263 904 ensJ.“
286 863 326 875 -

141 849 159 911 g
219 928 320 1008 ltaque
341 927 469 988 loannes
493 933 616 1003 noster,
634 931 666 988 ut
689 926 841 1002 videmus,
875 926 976 987 intima
998 923 1106 986 Caroln
1126 925 1176 986 la-

144 1029 305 1090 miliaritate
326 1027 502 1088 coniunctus
529 1027 559 1086 in
589 1026 653 1106 ipsa
674 1026 759 1107 regia
781 1031 869 1104 atque
891 1026 921 1087 in
942 1042 1055 1084 summa
1077 1023 1177 1086 homi-

141 1148 206 1190 nnm
226 1127 397 1189 celebritate
418 1127 604 1188 versabatur.
647 1126 733 1201 Quod
754 1127 823 1187 item
842 1125 992 1196 Pardulns,
1018 1125 1178 1204 episcopus

141 1229 343 1290 Laudunensis
357 1234 507 1304 ¹testatur,
541 1229 590 1308 qui
613 1229 734 1288 circiter
753 1244 860 1304 annpm
884 1225 1051 1286 DCCCLlll.
1074 1227 1114 1288 ita
1138 1223 1186 1286 de'

143 1345 178 1390 cn
200 1329 335 1407 scripsit:
356 1329 482 1406 „Sontes
506 1326 577 1404 ille,
607 1329 656 1408 qui
686 1334 732 1389 est
764 1328 794 1388 in
820 1326 928 1405 palatio
952 1327 1033 1407 regis
1063 1325 1179 1404 (Caroli

142 1427 242 1505 calvi),
273 1427 401 1502 loannes
421 1426 616 1501 nominem
641 1464 682 1474 -
706 1426 767 1488 lam
788 1444 826 1487 ex
847 1425 893 1487 bis
918 1425 1084 1502 coniicias,
1111 1443 1177 1487 eum

141 1544 231 1607 usque
260 1528 297 1588 ab
330 1525 379 1585 illo
414 1530 565 1604 tempore,
596 1526 715 1605 quoad
741 1526 877 1588 Carnium
903 1527 1007 1600 vonit,
1037 1525 1179 1606 plurimos

141 1644 235 1688 annos
269 1626 412 1705 deinceps
445 1625 475 1688 in
503 1627 568 1687 cius
595 1629 681 1708 regia
702 1629 822 1690 vixisse.
866 1627 930 1689 linc
955 1633 1053 1688 eutem
1075 1627 1179 1690 nesei-

141 1745 226 1806 mus,
261 1745 299 1787 an
321 1727 430 1787 certius
451 1725 539 1804 etiam
560 1726 660 1808 colligi
682 1734 771 1807 queat
793 1745 831 1788 ex
852 1726 910 1789 illis
934 1728 1018 1790 Scoti
1037 1725 1181 1789 carmini-

141 1826 216 1899 bus,
249 1844 326 1906 quae
354 1825 544 1888 Scbluetcros
565 1843 639 1889 suae
662 1828 788 1889 editioni
808 1827 951 1890 librorum
974 1827 1011 1890 de
1033 1826 1181 1890 divisione

141 1933 265 1987 naturae
289 1924 414 2002 adiecit3
448 1944 525 2007 quae
548 1933 630 1988 certe
661 1927 791 1990 diversis
811 1927 993 2008 temporibus
1014 1928 1181 2007 compositu

144 2031 223 2102 sunt,
246 2042 283 2085 ac
303 2027 411 2104 passim
435 2025 676 2090 manifestissime
700 2027 821 2108 donent,
844 2047 911 2091 eum
932 2028 989 2118 sibi
1011 2028 1104 2091 luisse
1127 2045 1184 2090 au-

144 2132 276 2201 ctorem,
309 2127 357 2205 qui
387 2145 404 2187 a
442 2125 549 2187 Caroln
580 2126 710 2190 aleretur
725 2135 765 2206 ⁸).
816 2129 900 2202 Quae
935 2145 985 2191 res
1019 2130 1106 2190 etiam
1144 2145 1183 2190 co

142 2242 328 2304 summopere
350 2226 468 2288 videtur
484 2227 663 2307 confirmari,
682 2231 762 2309 quod
778 2233 842 2309 ipse
856 2229 964 2292 Scotus
978 2231 1008 2290 in
1024 2229 1180 2309 prooemio

143 2325 210 2386 libri
224 2328 269 2387 sui
285 2326 323 2387 de
345 2326 619 2405 praedestinatione
640 2330 739 2392 Caroli
767 2330 974 2393 benovolentia
993 2347 1029 2391 ae
1050 2328 1185 2391 liberali-

130 2433 203 2488 ·tate
227 2427 282 2488 sibi
304 2428 450 2508 obtigisse
472 2430 524 2509 ait,
554 2438 596 2511 ut,
622 2433 702 2513 quod
726 2440 839 2512 tempus
861 2433 909 2494 alii
932 2431 1021 2494 rebus
1042 2429 1185 2511 gerendis

145 2531 294 2588 insumere
319 2528 466 2607 debeant,
499 2531 530 2594 id
566 2551 583 2594 a
617 2550 650 2595 se
678 2532 840 2595 litterarum
862 2531 967 2594 studiis
988 2531 1183 2613 impendatur.

147 2626 252 2700 Quoad
275 2627 325 2689 laic
357 2633 503 2693 mansisse
536 2634 700 2695 existimari
731 2635 846 2713 possit,
877 2636 985 2711 mcxl)
1008 2632 1186 2708 videbimus,

150 2745 238 2808 quom
262 2727 300 2788 de
321 2727 429 2792 ultimis
446 2732 516 2820 eius
539 2732 607 2796 latis
629 2732 833 2814 disputabitur.

229 2828 332 2909 Neque
354 2831 448 2892 solius
470 2832 569 2897 Caroli
596 2833 741 2915 (id-quod
758 2841 838 2914 patet
854 2833 1186 2914 cxllalmesburiense)

46 2925 49 2930 “
143 2928 318 3010 Magistrum
344 2929 444 2992 dieunt
464 2933 623 2996 loannem:
660 2954 762 2996 verum
794 2935 882 2997 etiam
911 2934 1125 2996 celeberrimae
1147 2932 1189 2998 illi

145 3029 292 3111 „scholae
326 3032 498 3096 Palatinae“
533 3036 640 3097 multos
662 3053 717 3115 per
748 3054 843 3098 annos
866 3035 1032 3116 praeluisse
1055 3033 1189 3096 traditur.

146 3130 292 3194 Plurimos
313 3133 456 3197 babemus
478 3135 565 3198 buius
588 3139 632 3199 rei
654 3143 809 3213 auclores3
843 3155 950 3213 unum,
976 3154 1061 3215 quem
1083 3134 1190 3214 reliqui

148 3234 244 3294 secuti
266 3241 343 3310 sunt,
361 3253 511 3318 quemque
531 3238 595 3299 iure
617 3240 701 3317 sequi
723 3245 891 3317 potuerunt,
912 3239 938 3299 si
961 3255 995 3298 rc
1018 3254 1090 3298 vera
1111 3233 1190 3297 illius

149 3339 196 3392 est
216 3336 413 3399 testimonium
427 3345 478 3416 ¹⁰),
500 3339 558 3400 lruc
580 3338 782 3420 allegabimus.
814 3339 919 3400 Exstat
938 3338 1021 3399 locus
1044 3334 1190 3417 epistolae

147 3431 266 3496 Nicolai
286 3435 320 3512 l,
355 3444 435 3518 pont.
461 3456 555 3516 mam,
591 3439 628 3499 ad
661 3439 796 3502 Carnium
818 3440 933 3500 calvum
956 3438 1103 3520 scriptae,
1131 3453 1190 3518 quo

146 3532 232 3612 loco,
261 3541 292 3595 ut
312 3536 426 3616 plurimi
449 3539 640 3619 contendunt,
663 3540 740 3603 baec
763 3546 831 3604 sunt
853 3539 998 3622 legenda:
1020 3539 1117 3617 „Hinc
1134 3547 1191 3614 est,

150 3709 434 3726 Q

201 3806 235 3888 Jt
254 3807 288 3856 cf.
309 3821 368 3874 cap.
386 3808 406 3868 l,
424 3815 479 3858 not.
497 3807 524 3860 3.

204 3893 234 3957 8)
255 3894 288 3944 cs.
310 3891 394 3944 Cnrru.
415 3893 509 3961 x1‚u;
540 3895 582 3958 Vl,
603 3896 734 3963 35-415
763 3895 797 3960 11,
819 3895 950 3960 69-725
977 3895 999 3957 I,
1020 3894 1193 3960 77-8131,

250 3979 376 4033 en-tt.
400 4017 433 4031 ..

206 4067 237 4136 9)
259 4069 352 4139 Capite
369 4070 432 4121 Vto.
603 4123 606 4134 ,

191 4156 238 4219 10)
257 4158 289 4209 cf.
313 4156 525 4211 Stnudenmeier.
546 4157 563 4208 l.
578 4157 595 4207 l.
617 4174 643 4226 p.
665 4155 715 4208 159
736 4165 793 4210 not.
811 4157 826 4207 5
844 4165 871 4207 et
888 4173 913 4226 p.
937 4153 988 4206 166
1012 4165 1067 4210 nob
1082 4157 1105 4206 l.
1128 4185 1162 4197 -
