3014 4950
1137 427 1177 488 57

132 632 212 695 quae
248 610 355 674 eodem
390 611 454 672 lere
478 616 564 691 pacto
588 609 626 672 ad
660 611 851 682 llatramnum
874 609 1029 672 transferri
1051 616 1180 689 queant3

132 711 310 776 verumhis
332 710 402 772 ideo
426 729 529 791 parum
548 729 723 774 moveamur
752 728 880 773 necesse
912 718 979 788 est,
1012 711 1091 790 quod
1123 710 1181 772 illis

132 812 319 892 temporibus
345 817 495 889 auctores,
526 829 616 892 super
645 811 751 873 eadem
784 829 818 873 re
850 811 1037 889 scribentes,
1074 811 1181 872 iisdem

133 931 229 995 prope
251 913 455 992 argumentis,
492 911 599 974 iisdem
622 912 687 974 lore
707 911 927 987 locutionibuS,
964 929 1024 972 non
1048 911 1182 972 dissimili

134 1014 289 1096 scribendi
310 1030 424 1093 genere
447 1014 536 1074 etiam
556 1014 676 1092 saepius
698 1020 767 1076 sunt
787 1014 832 1073 usi
845 1019 900 1088 ⁸¹).
943 1013 1045 1092 Neque
1076 1011 1185 1072 desunt

138 1122 262 1188 contra,
297 1131 375 1194 quae
397 1131 435 1174 ex
456 1099 657 1176 Scotonobis
679 1113 878 1190 innotuerint,
912 1130 969 1173 nec
990 1120 1088 1173 tamen
1110 1113 1184 1172 satis

91 1214 95 1221 ’
140 1213 299 1277 commode
321 1211 358 1274 ad
381 1212 570 1275 Ratramnum
593 1215 744 1292 pertinere
775 1213 997 1286 videantur82).
1041 1207 1202 1294 Dicuntur

139 1316 255 1376 haecce
289 1313 436 1392 paululum
470 1319 592 1374 reuecta
628 1313 666 1374 ad
695 1313 884 1401 Ratramnum
904 1329 994 1392 posse
1016 1311 1183 1390 appellere:

139 1413 429 1490 verumenimvero,
452 1415 478 1474 si
499 1414 557 1474 iam
580 1412 679 1499 alieno
702 1420 769 1474 sunt
789 1413 870 1488 loco,
899 1414 988 1474 etiam
1008 1411 1067 1474 hoc
1090 1429 1186 1490 quae·-

140 1517 223 1593 ritur,
246 1533 316 1576 num
332 1514 410 1575 forle
433 1513 580 1594 paululum
600 1520 722 1577 revecta
737 1513 784 1576 'ad
807 1513 899 1596 longe
921 1513 1010 1576 alium
1031 1520 1185 1573 auctorem

142 1616 290 1696 appellere
313 1613 438 1692 possint.
470 1693 472 1696 Ι
896 1627 899 1634 ’
1181 1672 1185 1676 ,

225 1716 381 1778 Plurimum
415 1712 504 1776 tribui
540 1712 729 1789 videmus⁸³)
759 1713 922 1789 Ascelino,
960 1713 1009 1791 qui
1041 1713 1072 1772 in
1101 1710 1186 1789 epist.

145 1816 183 1880 ad
207 1813 421 1894 Berengarium
442 1813 482 1874 ita
503 1812 541 1874 de
566 1813 657 1876 S'coto
680 1814 814 1892 scripsit:
850 1811 963 1874 dixisse
986 1811 1104 1872 eumin
1129 1827 1187 1869 ex-

49 1947 53 1952 ·
142 1915 284 1998 ponendo
320 1915 486 1973 orationem
518 1911 598 1974 illam
633 1911 849 1992 Gregorlanam
861 1915 906 1988 81)
937 1913 1031 1990 „inter
1066 1915 1187 1970 caetera

142 2017 214 2078 fidei
245 2021 367 2078 nostrae
398 2015 550 2075 contraria
589 2014 730 2092 „specie
750 2019 894 2092 geruntur
915 2013 987 2088 ista,
1021 2029 1082 2073 non
1104 2013 1188 2073 veri.

144 2121 257 2178 tate.““
277 2153 312 2164 -
337 2114 449 2186 Quibus
469 2112 604 2175 Asoelini
625 2113 724 2174 verbis
748 2112 797 2174 hic
818 2113 970 2174 llatramni
993 2113 1076 2173 locus
1097 2120 1189 2172 nota-

143 2224 193 2278 tus
218 2231 285 2285 esse
307 2213 451 2275 creditur:
485 2213 683 2291 „Persiciant
710 2213 739 2274 in
771 2212 878 2290 notis,
913 2213 1058 2294 Domine,
1093 2230 1188 2292 quae-

146 2331 268 2398 sumus,
302 2321 349 2375 tua
375 2320 584 2387 sacramenta,
619 2313 697 2392 quod
722 2314 895 2389 continent,
928 2318 979 2389 ut,
1011 2330 1087 2391 quae
1109 2331 1188 2374 nunc

144 2417 247 2498 speeie
279 2416 430 2496 gerimus,
465 2431 565 2475 rerum
595 2414 720 2477 veritate
756 2413 961 2492 capiamus.““
1003 2413 1098 2474 uictu
1128 2424 1188 2488 (sc.

149 2517 250 2580 oratio,
267 2514 352 2590 illa),
375 2513 455 2592 quod
476 2515 505 2574 in
529 2513 630 2592 specie
651 2519 795 2594 gerantur
815 2515 890 2589 ista,
925 2530 985 2573 non
1010 2514 1039 2573 in
1064 2515 1189 2575 veritate

150 2618 170 2678 i.
187 2635 216 2702 e.
238 2633 293 2694 per
313 2612 542 2702 similitudinem,
565 2630 625 2673 non
648 2631 703 2692 per
723 2613 816 2692 ipsius
840 2613 885 2674 rei
906 2612 1189 2674 manifestationem.

147 2705 293 2780 Dillerun't
312 2720 409 2776 autem
433 2731 449 2774 a
471 2729 504 2774 se
527 2713 645 2793 species
667 2718 697 2775 et
717 2714 837 2794 veritas.
875 2713 1061 2792 Quapropter
1081 2730 1190 2793 corpus

148 2824 178 2879 et
198 2814 331 2895 sanguis,
351 2813 431 2893 quod
456 2813 487 2874 in
509 2811 640 2874 ecclesia
660 2814 785 2892 geritur,
815 2811 912 2874 differt
932 2813 969 2882 ab
990 2812 1039 2874 illo
1062 2830 1190 2891 corpore

147 2922 177 2978 et
209 2915 373 2993 sanguine,
407 2910 487 2991 quod
517 2912 548 2972 in
571 2912 688 2974 'Christi
711 2930 839 2992 corpore
862 2930 917 2992 per
938 2914 1191 3000 resurrectionem

148 3018 207 3080 iam
229 3014 426 3096 glorificatum
449 3012 652 3094 cognoscitur.
693 3011 731 3074 Et
756 3011 814 3077 hoc
836 3031 944 3092 corpus
965 3014 1072 3092 pignus
1094 3019 1140 3074 est
1162 3020 1192 3074 et
1249 3094 1252 3096 -

148 3119 278 3199 species,
302 3113 372 3177 illud
391 3131 464 3174 vero
489 3115 553 3193 ipsa
576 3113 697 3175 ueritas.
741 3113 806 3176 lloc
830 3117 908 3177 enim
932 3115 1057 3194 geritur,
1094 3115 1193 3176 donec
1236 3099 1238 3102 ⁵

150 3217 190 3278 ad
210 3215 281 3277 illud
301 3215 501 3295 perveniatur.
544 3213 600 3274 Ubi
630 3231 703 3275 vero
736 3214 774 3274 ad
805 3213 876 3275 illud
897 3221 1071 3292 perventum
1094 3214 1193 3292 luerit,

151 3321 210 3380 lroc
229 3318 456 3382 removebitur.“
479 3351 520 3364 -·
541 3316 628 3389 Quae
644 3322 712 3378 sunt
731 3314 763 3377 in
787 3315 845 3378 hoc
866 3315 936 3378 loco
963 3316 1050 3393 >,lidei
1070 3322 1192 3376 nostrae

255 3558 411 3609 Retramnns
438 3567 465 3610 at
484 3561 574 3621 Lupus
595 3555 771 3607 Ferrarienris
798 3553 925 3618 iubente,
956 3563 983 3632 et
1005 3555 1100 3608 Scotua
1127 3570 1194 3613 „au-

222 3689 227 3705 ‚
254 3651 375 3694 nueote“
397 3646 492 3697 Carolo
511 3644 594 3696 libros
615 3659 677 3695 suos
694 3643 901 3710 composuerint.

185 3746 234 3814 81)
253 3745 286 3796 ef.
305 3743 376 3795 Mab.
397 3755 454 3797 acta
473 3747 571 3800 Bened.
592 3763 658 3798 aeae.
679 3747 724 3796 lV.
743 3764 769 3814 p.
789 3747 822 3796 ll.
842 3745 925 3815 prael.
946 3762 972 3795 n.
991 3744 1034 3796 88.

186 3849 234 3914 82)
253 3847 287 3900 c'f.
307 3849 395 3900 Leuis.
414 3850 432 3899 l.
451 3866 474 3899 c.
493 3868 519 3919 p.
539 3851 600 3913 764,
619 3851 678 3913 765,
699 3849 750 3902 766
770 3858 826 3901 not.
846 3851 882 3920 a),
901 3848 961 3901 768.

187 3952 235 4022 83)
257 3954 291 4005 ef.
310 3952 397 4007 Laul's.
417 3970 443 4022 p.
463 3952 628 4006 tot-760.
805 3957 807 3964 “

188 4055 236 4125 84)
255 4057 417 4119 „perficiant
429 4058 456 4108 in
467 4055 544 4109 nobis
556 4063 610 4116 tua,
631 4056 753 4119 Domine,
767 4062 941 4118 sacramenta,
962 4053 1035 4125 quod
1047 4054 1196 4116 continent,

251 4152 291 4207 ut,
311 4163 381 4216 quae
401 4163 473 4198 nune
490 4144 579 4216 specie
599 4145 723 4212 gerimus,
742 4161 828 4198 rerum
847 4143 958 4195 veritate
979 4141 1142 4210 capiamua.“
1163 4171 1197 4182 -
1288 4151 1294 4160 ·
