3014 4950
1162 471 1201 538 97
1270 544 1279 573 ι

153 651 225 713 item
247 646 405 708 subditicia
430 661 499 706 esse
522 643 714 719 creduntur),
735 643 875 720 alterum,
903 649 951 718 ut,
984 651 1048 706 orta
1070 663 1123 726 per
1145 646 1203 708 Pa-

157 750 308 812 schasium
332 744 514 808 Radbertum
542 745 733 806 dissensione
765 744 803 804 de
833 762 857 805 s.
894 743 1102 823 Eucherium,
1138 749 1203 826 ipse

153 865 278 930 quoque
301 844 461 908 scribendo
495 845 573 904 hanc
606 861 669 905 rem
705 844 877 923 explicaret
930 847 1062 908 Alterum
1093 853 1202 921 autern,

160 949 297 1029 proximo
323 947 420 1024 capite
443 943 590 1024 sigillatim
615 945 653 1004 de
677 946 892 1006 controversiis
914 946 1104 1027 theologicis,
1135 949 1203 1026 qui-

158 1050 214 1110 bus
235 1047 366 1128 Erigone
391 1045 555 1125 implicatus
580 1043 643 1122 luit,
663 1045 785 1121 acturiS,
817 1045 867 1106 hio
889 1045 1092 1107 tantummodo
1116 1063 1203 1108 corn-

156 1145 402 1221 memorandnm,
433 1145 607 1225 ceteroquin
629 1143 803 1205 mittendum
827 1150 889 1226 est:
924 1143 961 1205 de
984 1144 1095 1224 altero,
1126 1163 1203 1225 quae

159 1249 263 1309 dicere
282 1245 454 1320 habeamus,
477 1245 553 1305 haec
576 1251 652 1306 sunt.

242 1347 395 1408 Ludovieo
425 1347 478 1410 Pio
507 1345 657 1424 complue
678 1342 970 1425 Pseudo-Dionysii
1000 1345 1203 1426 Areopagitae

161 1449 270 1528 scripio
295 1447 375 1508 dono
403 1449 525 1508 miserat
545 1445 670 1507 llichael
697 1445 824 1522 Balbus;
848 1463 921 1519 non,
943 1452 974 1507 ut
995 1447 1111 1525 quidam
1135 1447 1204 1526 opi-

157 1550 220 1610 nati
233 1549 351 1611 luerunt
362 1553 416 1624 ¹2),
437 1564 516 1608 anno
531 1545 766 1623 DCCCXXle,
786 1545 840 1606 sed
854 1563 933 1607 anno
946 1546 1202 1622 dcccxxvttrw,

158 1650 269 1710 necin
292 1647 414 1710 latinum
447 1663 817 1722 sermonem'conversa,
853 1645 934 1726 quod
962 1648 1031 1708 item
1066 1655 1204 1728 putarunt

157 1750 213 1811 viri
237 1749 318 1810 docti
334 1751 394 1825 1ὃ),
416 1748 469 1809 sed
499 1764 622 1827 graeca.
665 1746 748 1808 llanc
769 1747 912 1825 temporis
932 1747 1079 1808 rationem
1100 1766 1203 1810 veram

160 1867 230 1910 csse
252 1848 465 1909 demonstravit
484 1847 519 1908 V.
545 1846 586 1908 ct.
610 1846 718 1927 Pagius
742 1847 772 1907 in
791 1845 919 1924 „Critioa
950 1847 981 1906 in
1015 1846 1111 1907 annal.
1142 1847 1204 1908 Ba·
1237 1925 1239 1928 Ι

90 1966 94 1974 ·
159 1949 331 2024 ronii“1⁴):
359 1947 395 2008 de
416 1947 499 2008 libris
527 1963 639 2028 graeco
664 1947 942 2028 sermone-seriptis
964 1964 1081 2008 ornnem
1103 1948 1202 2010 animo

163 2055 270 2110 nostro
292 2047 457 2127 scrupulum
482 2046 583 2108 evellit
603 2047 757 2108 llilduinus
778 2048 881 2124 abbas,
904 2048 953 2127 qui
973 2051 1037 2128 ipse
1059 2065 1113 2110 eos
1134 2065 1204 2110 ser-

160 2147 278 2210 vandos
293 2154 463 2228 acceperat,
486 2154 573 2226 atque
594 2149 635 2208 ita
658 2147 697 2208 de
718 2149 756 2209 iis
774 2148 893 2227 scripsit
907 2151 966 2224 ¹⁵):
986 2149 1202 2226 ,Anthenticos

117 2317 120 2326 ,
160 2267 286 2329 namque
307 2249 433 2310 eosdem
453 2247 546 2308 libros
576 2263 689 2328 graeca
709 2247 811 2330 lingua
831 2249 1017 2330 conscriptos
1038 2288 1079 2301 -
1100 2287 1142 2301 -
1161 2286 1202 2317 -2

158 2367 213 2431 pro
234 2363 358 2410 munere
380 2363 488 2428 magno
511 2347 723 2426 suscepimus.“
1145 2334 1156 2349 ⁴

167 2483 173 2496 ·
241 2449 389 2512 Summum
410 2446 456 2508 his
480 2447 595 2509 lrivolis
615 2453 686 2508 tunc
709 2465 774 2508 eum
797 2447 925 2508 maxime
947 2446 1092 2510 honorem
1106 2447 1202 2510 habe.

161 2551 235 2610 hant
256 2549 339 2612 Galli.
380 2548 526 2609 Putabnnt
549 2549 649 2625 enim,
686 2549 751 2608 eins
784 2549 921 2628 Dionysii
945 2551 1009 2628 ipsa
1031 2567 1119 2625 esse,
1152 2549 1203 2629 qui

161 2649 273 2728 primus
307 2647 434 2710 Athenis
465 2649 624 2727 episeopus
657 2647 710 2708 luit
742 2653 772 2708 et
803 2649 833 2709 in
867 2647 959 2710 Gallia
983 2649 1111 2710 divinam
1134 2648 1203 2710 lesu

157 2749 267 2810 Christi
301 2749 464 2810 doctrinam
511 2747 682 2828 divulgasse
728 2749 971 2823 credebamur.
1031 2749 1202 2811 Ludovicus

156 2850 267 2930 igitur,
301 2848 494 2929 quandoper
515 2854 604 2910 totam
628 2848 772 2924 Galliam,
794 2849 843 2929 qui
864 2867 925 2910 non
948 2849 1114 2923 mediocri,
1145 2849 1223 2925 sed,

156 2951 256 3031 aliqua
282 2967 411 3032 graecae
432 2949 551 3030 linguae
575 2950 701 3010 scientia
724 2950 850 3012 imbutus
874 2956 965 3026 esset,
991 2951 1043 3011 vix
1064 2949 1201 3028 reperte.

155 3051 265 3129 batur,
299 3052 398 3113 statim
427 3049 532 3111 horum
560 3050 702 3112 librorum
733 3050 819 3130 quasi
848 3051 1018 3113 versionem
1051 3049 1200 3130 quandam
1244 3057 1246 3062 '

196 3317 245 3407 12).
262 3319 296 3370 of.
316 3320 387 3371 litat.
403 3320 455 3371 litt.
475 3319 509 3370 de
528 3301 562 3369 la'⁴
576 3320 674 3369 Frence
694 3326 759 3368 tom.
777 3317 808 3379 V,
827 3281 852 3386 p]
870 3315 933 3381 425,
951 3317 1037 3373 lliort.
1059 3317 1104 3368 l.l.
1118 3336 1144 3388 p·
1156 3315 1200 3380 43,

257 3415 283 3458 et
303 3407 395 3458 Boron.
414 3405 555 3458 annulari
574 3424 616 3457 an.
635 3405 885 3465 accerrimae.

184 3509 416 3577 *13)cl.Mabill.
436 3511 526 3561 annal.
549 3464 596 3560 libo.
616 3482 709 3571 XXIV,
729 3525 757 3562 n.
778 3507 822 3572 59,
840 3508 904 3559 hist.
923 3507 976 3562 tin.
999 3505 1033 3558 de
1052 3508 1077 3557 la
1091 3506 1199 3569 Franco,

258 3606 322 3648 tonr.
340 3597 370 3658 V,
391 3615 417 3666 p.
440 3595 502 3660 425,
522 3605 571 3648 cet.
732 3587 742 3606 ⁶
1254 3586 1256 3590 ’

193 3701 237 3770 14)
255 3702 289 3752 ef.
317 3702 385 3768 Pagi.
416 3702 515 3753 Critian
543 3691 571 3752 in
600 3701 689 3754 annal.
715 3701 809 3752 Boron·
830 3731 864 3743 -
885 3698 919 3750 ad
944 3715 986 3750 an.
1006 3696 1199 3759 DCCCXXWI,

256 3808 282 3840 n.
303 3788 370 3840 htv.

193 3895 238 3960 15)
259 3892 293 3942 cl.
312 3891 438 3943 Hilduini
458 3891 535 3958 epist.
556 3890 589 3942 ad
608 3890 710 3942 Ludov.
731 3891 812 3942 Pium.
837 3887 1027 3958 Areopagitieis
1047 3885 1128 3948 [edit.
1148 3885 1200 3936 Co-

254 3981 381 4050 leniens.)
413 3978 540 4047 praefixa.
565 3977 702 4030 Invenitur
730 3976 853 4027 Hilrluini
877 3977 952 4027 locus
972 3972 1043 4044 apud
1067 3969 1199 4024 Slarrden·

253 4070 344 4118 maier.
364 4086 392 4137 pa
413 4067 463 4118 163
481 4075 508 4116 et
526 4065 597 4134 apud
616 4067 722 4132 Paginm
745 4066 797 4116 loc.
816 4063 887 4115 laud.

191 4171 236 4239 rc)
254 4171 286 4224 er.
303 4171 376 4224 seon
391 4188 469 4222 carm.
484 4171 514 4233 x,
529 4170 564 4222 ru
576 4177 604 4220 er
614 4170 678 4222 xn:
694 4170 721 4220 nn
733 4167 796 4220 ann.
810 4160 1144 4233 sarracenum-ooo,
1156 4193 1188 4206 -.
1234 4130 1236 4134 ’
