3010 4946
1061 439 1189 531 ¹or

156 624 334 688 aeternitate
364 625 394 684 in
428 625 495 703 ipso
531 621 588 684 deo
621 620 803 699 obtinuere,
835 621 1053 700 delinerentur,
1086 627 1116 684 et
1137 621 1202 684 sola

135 743 137 746 ’
157 727 272 788 illarum
295 725 522 804 participatione
545 722 730 784 substantiali
752 709 793 772 '-
814 723 854 784 sit
873 723 904 784 id
938 725 1045 803 ipsum,
1070 722 1150 803 qaod
1171 725 1203 784 in

160 825 218 887 lmc
240 840 342 887 rerum
374 824 570 885 universitate
601 812 675 884 vere
697 839 734 884 ac
756 824 878 902 proprie
899 839 969 884 esse
990 823 1115 903 dicatur,
1138 839 1206 884 orn-

159 927 240 988 nium
261 943 359 987 rerum
391 924 535 997 essentia,
572 921 749 984 substantia.
785 923 939 986 Postremo
970 923 1080 986 Natura
1102 931 1211 986 creata·

161 1042 224 1088 non
247 1037 366 1102 creatae,
405 1041 459 1104 per
490 1027 621 1086 creatam
643 1028 795 1084 creantem
817 1039 856 1088 ex
877 1040 939 1084 non
962 1030 1063 1086 creata
1085 1029 1207 1086 creante

163 1125 400 1188 substantialiter
430 1124 568 1202 evoluta,
605 1123 731 1184 eandem
753 1123 832 1183 viam
855 1141 1004 1202 remensa,
1025 1124 1209 1188 substantia-

162 1227 232 1290 liter
250 1227 280 1287 in
304 1241 365 1286 non
387 1230 517 1286 creatam
538 1229 689 1285 creantem
709 1222 882 1285 revolvetur
894 1227 945 1302 ¹⁵).
1106 1283 1109 1292 Δ

248 1323 346 1387 Habet
374 1324 464 1405 igitur
496 1323 604 1386 scotus
644 1341 742 1403 neque
765 1323 854 1384 ullam
885 1341 1009 1404 prorsus
1042 1322 1151 1385 inulla
1174 1339 1226 1414 rc*

167 1424 374 1500 substantiam,
394 1425 452 1486 nisi
474 1423 668 1486 substantiam
691 1423 831 1506 divinam,
855 1429 884 1486 et
907 1422 995 1488 deum
1011 1424 1049 1486 ab
1068 1425 1208 1507 iisque-c

170 1524 403 1604 creavitque
427 1530 596 1604 separatum
620 1531 708 1605 atque
730 1523 905 1586 seiunctum.

254 1624 340 1698 Quae
363 1641 430 1686 cum
451 1627 492 1685 ita
514 1623 592 1702 sint,
625 1640 681 1685 nos
719 1623 838 1703 quidem
868 1621 1004 1704 prosectu
1041 1640 1102 1686 non
1125 1622 1214 1686 vide·

170 1743 244 1804 mus,
266 1741 324 1805 qua
345 1726 464 1787 ratione
484 1723 544 1801 fiat,
570 1729 611 1802 ut,
637 1724 686 1804 qui
708 1723 796 1804 paulo
819 1725 958 1784 attentius
978 1741 1041 1785 rem
1062 1729 1215 1785 tractave-

169 1827 232 1904 rit,
265 1825 440 1905 simulatque
475 1823 627 1904 Erigena‚
662 1825 811 1898 communi
832 1823 959 1886 lorsitan
992 1822 1133 1904 loquendi
1159 1838 1216 1883 usu

173 1925 326 2002 serviens,
357 1926 398 1986 ita
433 1923 487 1987 luit
517 1922 650 2001 locutus,
683 1925 768 2004 quasi
801 1923 887 1985 deum
924 1921 1034 1984 lrabeat
1061 1941 1082 2004 a
1105 1923 1216 2001 creatis

173 2025 265 2089 rebus
288 2025 457 2103 diversum,
479 2013 630 2105 continuo
646 2022 761 2086 offendi
781 2020 838 2085 sibi
862 2022 1009 2102 videatur,
1028 2024 1218 2104 scotumque,

176 2126 216 2187 ab
238 2127 365 2205 antiquis
400 2123 583 2204 temporibus
612 2121 789 2204 pantheismi
823 2129 1013 2201 accusatum,
1042 2141 1103 2193 non
1126 2123 1217 2186 modo

177 2224 412 2301 absolvendum,
443 2225 660 2286 verumetiam
679 2223 764 2284 'omni
785 2223 934 2285 honorum
955 2211 1218 2306 genere,'„quum

178 2326 316 2386 amussim
344 2325 481 2386 veritatis
514 2341 575 2385 non
598 2325 636 2386 sit
657 2330 900 2404 transgressus,“
935 2331 1060 2386 censeat
1081 2331 1219 2386 mactan.

178 2426 247 2488 dum
273 2431 362 2504 atque
385 2423 564 2506 aagendam.
613 2425 717 2504 Neque
748 2423 872 2487 hercule
903 2424 1114 2502 Scblucterus',
1150 2423 1220 2485 duur

180 2527 390 2602 baereticae,
411 2532 443 2587 ut
465 2543 544 2586 nuno
563 2542 580 2586 a
600 2524 689 2586 nobis
710 2531 757 2586 est
776 2525 922 2604 exposita,
941 2525 1129 2604 ipsumScoti
1148 2524 1221 2604 plri-

178 2627 346 2707 losophiam
369 2627 542 2707 perspicere
566 2627 750 2700 studuisset,
774 2632 832 2688 tam
854 2625 962 2688 frustra
985 2625 1221 2688 coexeusanrlo

180 2735 269 2808 atque
300 2724 492 2788 defendendo
525 2731 608 2788 esset
639 2732 773 2789 conatus.
846 2727 955 2806 Verum
985 2725 1062 2788 infra
1091 2725 1222 2807 pluribus

179 2949 483 2962 „m

14 2971 19 3218 i
225 3075 276 3191 15)ἴ
289 3115 475 3184 ,‚Siquiclem‚“
501 3113 596 3168 Scotus
619 3117 681 3180 (lib.
711 3117 757 3180 lli,
779 3134 835 3187 cap.
853 3117 891 3186 4.)
911 3118 957 3179 ait,
974 3133 1023 3174 „ex
1043 3111 1118 3169 ion'te
1138 3123 1224 3169 toturn

284 3203 384 3254 flumen
402 3201 590 3273 principaliter
619 3210 718 3265 manat,
738 3211 765 3255 et
783 3219 831 3272 per
849 3204 906 3254 eius
925 3203 1030 3255 alveum
1051 3217 1138 3274 aqna,
1156 3220 1225 3275 quae

282 3292 370 3362 primo
403 3292 488 3358 surgit
513 3291 542 3342 in
569 3292 660 3352 fonte,
684 3307 791 3360 semper
817 3309 847 3342 ac
875 3292 935 3343 siue
955 3292 1010 3344 ulla
1028 3293 1225 3344 intermissione

287 3377 464 3430 defunditur:
482 3379 520 3430 sie
540 3378 631 3429 alirino
644 3379 751 3430 bonitas
763 3385 791 3430 et
811 3381 926 3430 essentia
946 3387 974 3430 et
989 3379 1045 3431 rita
1060 3379 1103 3430 et
1115 3380 1225 3448 sapien-

285 3467 324 3518 tia
345 3473 374 3518 et
391 3465 490 3529 omnia,
508 3481 578 3536 qaae
597 3466 625 3516 in
642 3467 719 3517 sonte
734 3451 1226 3538 amatunam.e.tn*deo[ct.1v‚t])

285 3560 360 3616 sunt,
378 3556 465 3622 primo
498 3553 527 3604 in
553 3552 742 3622 primordiales
771 3569 862 3604 causas
886 3553 1026 3615 defluunt,
1057 3560 1085 3604 et
1103 3567 1146 3603 eus
1169 3567 1226 3602 esse

289 3641 407 3703 faciunb3
432 3639 532 3692 deinde
561 3657 609 3710 per
636 3639 823 3709 primordiales
842 3655 933 3692 causas
953 3641 980 3691 in
1002 3655 1092 3690 earum
1115 3643 1227 3690 effectus

286 3729 416 3778 ineffocili
438 3729 520 3779 medo
541 3745 588 3798 per
618 3730 809 3780 convenientes
833 3729 884 3779 sibi
914 3727 1097 3778 universitatis
1120 3727 1228 3778 ordines

289 3813 451 3876 decurrunt,
485 3831 533 3883 per
564 3815 701 3882 superiora
731 3829 839 3884 semper
866 3815 900 3866 ad
925 3815 1053 3867 inferiora
1074 3811 1229 3875 delineatio,

288 3901 443 3970 iterumque
464 3913 525 3970 'per
554 3903 743 3952 secretissimos
780 3912 892 3954 naturae
932 3920 1011 3972 poros
1049 3902 1228 3953 occultissimo

289 3996 379 4039 rneatu
401 3987 435 4038 ad
459 3988 562 4038 fontem
592 4003 667 4038 suam
694 3988 834 4040 redeunt*¹
862 3991 1046 4066 'Quamquam
1074 3998 1162 4040 autern
1180 3988 1230 4038 hac

292 4075 395 4126 ratione
414 4075 445 4126 fit
463 4077 492 4126 in
511 4074 636 4126 carnibus
656 4077 838 4140 ornaiaDeun
857 4085 947 4148 tamen
966 4077 1151 4148 superomnia
1172 4091 1230 4126 esse

276 4175 346 4213 ’που
364 4162 485 4221 dictutus
502 4161 561 4234 (lli,
580 4161 638 4230 20.)
1156 4162 1162 4173 '
