3010 4946
1140 446 1197 516 tat

152 620 340 688 beneolentia
364 639 380 687 a
404 619 561 704 peccando
581 625 680 705 potest
702 619 867 688 deterrere.
910 621 1016 692 Nonne
1038 621 1116 692 been
1137 643 1197 702 res,

155 725 296 805 quidquid
329 725 369 790 aet
387 727 535 790 scelernm
557 726 697 789 libidines
720 726 909 794 coercendas
930 732 977 791 est
998 730 1199 807 constitutum,

157 824 291 889 funditus
326 828 541 904 propemodum
573 827 690 900 evertit,
712 826 842 901 (lisinii,
868 827 906 886 ab
938 828 1090 892 boninum
1122 846 1199 892 eon·

156 929 261 1006 speetu
279 927 441 992 removet?
491 926 553 995 dee
575 927 746 1004 punientem
770 926 857 988 deum
886 928 971 1004 qnasi
996 928 1202 994 exeoerbandi

158 1026 249 1103 timor
281 1025 418 1102 homiues
450 1027 547 1106 magis
577 1025 712 1102 terreos,
744 1042 803 1088 neo
835 1033 984 1096 amentem
1008 1029 1095 1091 deum
1117 1029 1203 1108 quasi

158 1126 356 1188 contristandi
388 1133 484 1190 metus
517 1126 656 1188 homines
685 1129 782 1207 mage
801 1127 986 1206 ingenuos,
1006 1147 1045 1189 ne
1067 1137 1202 1196 urentem

156 1227 306 1310 peccandi
329 1226 697 1306 eupiditatempeoeando
720 1227 861 1306 expleant
883 1234 972 1308 atque
1001 1231 1204 1311 exstinguont,
1253 1308 1256 1312 A

157 1317 227 1395 dum
250 1329 332 1392 Scoti
364 1329 532 1400 doctrinam
555 1331 641 1408 sequi
664 1329 825 1406 voluerint,
847 1330 1043 1406 permovebit.
1089 1331 1206 1404 Quotus
1279 1369 1284 1382 ι

157 1434 257 1497 autem
279 1430 404 1508 quisque
426 1429 633 1495 eonscientiae
652 1445 733 1498 suaa
749 1428 808 1492 bon
828 1428 947 1518 tribuet,¹
969 1435 1001 1491 ut
1021 1447 1087 1494 eam
1104 1433 1206 1495 ,solam
1295 1457 1298 1468 ·

158 1529 217 1604 silai
238 1530 346 1592 ducem
371 1527 476 1606 eligat
495 1545 603 1608 neque,
628 1528 814 1608 voluptatum:
833 1529 862 1590 ei
884 1528 1054 1604 allectante,
1074 1547 1205 1610 uuquam

161 1628 304 1700 deserat!
353 1627 468 1714 Quodsi
504 1629 571 1699 isla.
596 1629 735 1698 doctrina
767 1630 807 1696 ad
830 1631 1099 1696 uitneoorbmunis
1121 1643 1205 1694 usum

157 1725 346 1803 referretur,
376 1729 501 1793 remotis
532 1728 688 1862 prateolop
721 1742 918 1848 quaecunque
941 1723 1108 1793 terentibus
1112 1747 1208 1866 'pao

161 1931 280 2018 moratas
311 1871 384 1999 alti“
424 1935 511 1997 sunt
534 1891 692 2009 imposito,
723 1931 823 1995 omnia
858 1931 1000 1994 misceret
1032 1932 1209 2011 penitusque

161 2007 353 2092 disturbaret

634 2180 738 2259 §.59

260 2291 402 2362 Venimus
430 2295 549 2362 landem
580 2299 619 2362 ad
650 2307 785 2381 quartam
810 2295 888 2362 iiiam
911 2294 1042 2364 Naturae
1065 2299 1207 2384 speeiem,

162 2403 210 2464 loe
230 2418 288 2462 neo
309 2409 429 2464 creatur
449 2419 506 2464 neo
528 2407 621 2464 creat.
647 2391 736 2478 seit,
736 2407 861 2494 2,ιιιιιιιῑ
883 2419 959 2464 nore
982 2401 1040 2466 huo
1059 2404 1204 2492 pertines,

164 2503 243 2562 tuem
276 2515 349 2588 pree
380 2500 491 2562 ceteris
521 2485 799 2580 permansissent,
825 2518 912 2581 quam
934 2500 1209 2592 riulioula„‚0ua7

162 2615 256 2684 quum
289 2599 317 2662 in
351 2599 407 2676 iis,
440 2616 516 2680 quae
549 2600 669 2680 proprie
702 2599 876 2678 perniciosa
905 2583 1026 2688 essent,
1061 2599 1211 2688 longiore,
1241 2659 1246 2672 ‚

164 2690 346 2771 fuerimus,
338 2715 368 2758 m
391 2691 449 2774 his,
472 2711 546 2777 ques
568 2695 697 2760 fortasse
719 2697 814 2759 aniles
837 2703 947 2761 tantum
970 2669 1085 2760 tabulas
1105 2698 1208 2779 appel·
1245 2693 1256 2712 ⁰

165 2796 276 2873 everis,
298 2799 410 2860 erirrrus
431 2801 598 2861 breviores.

628 2960 658 3030 s.
681 2948 733 3013 oo.

266 3061 300 3128 D.
350 3061 480 3142 „Quarta
513 3047 645 3128 Naturae
672 3063 802 3147 speeies,
836 3063 1130 3146 quaeum-dredm
1152 3076 1211 3129 trae

168 3169 262 3243 areat,
285 3163 424 3246 prolecto
450 3165 517 3245 'ips'e
549 3165 699 3230 deusest.
743 3169 851 3228 Divina
874 3168 988 3242 (enim)
1010 3173 1116 3228 natura
1140 3183 1212 3228 ere·

165 3263 246 3326 ilitar
268 3279 337 3328 'nou
373 3261 491 3342 creari,
519 3259 660 3346 qnoniam
688 3263 835 3346 primitiva
868 3268 998 3329 omnium
1027 3285 1119 3329 eausa
1151 3274 1208 3341 est,

49 3401 52 3409 -
168 3363 351 3444 ultraquam
374 3361 446 3426 nibil
461 3371 522 3442 est,
545 3382 561 3427 o
587 3381 646 3446 quo
669 3364 764 3446 possit
787 3367 894 3451 creari.
929 3367 1026 3440 Quom
1040 3368 1121 3429 'vero
1143 3371 1212 3448 post

168 3463 296 3524 reditum
322 3461 691 3526 universitatiseouddee
711 3467 743 3526 in
771 3483 842 3526 suas
861 3455 1070 3545 primordiales
1093 3481 1212 3545 causas,

171 3565 299 3642 quaein
329 3562 391 3647 ipsa
425 3563 523 3628 divina
554 3573 659 3628 nature
683 3558 883 3641 minuentur,
906 3558 983 3627 nulla
1007 3563 1131 3629 merrus
1152 3559 1211 3630 noss

169 3660 236 3748 titre
261 3671 312 3723 er
321 3673 357 3724 ee
385 3667 605 3743 procreabitur
616 3674 671 3726 seu
694 3666 724 3726 in
741 3667 860 3747 species
882 3655 1058 3726 sensibiles
1064 3655 1213 3766 intelllgi-¹

169 3737 308 3824 bitesve
321 3757 569 3842 multiplicabitul,
604 3761 666 3825 aion
692 3758 839 3826 immerito
850 3755 935 3824 nibil
961 3775 1073 3824 creare
1081 3769 1118 3824 at
1141 3771 1212 3825 ere

171 3861 296 3925 dituret
318 3863 580 3944 intelligitur“-
608 3864 675 3942 (lv,
698 3863 842 3966 tii-97.)
928 3893 932 3900 ·

637 4017 667 4090 3.
690 4015 740 4081 bb

169 4161 194 4208 ;«
267 4135 567 4218 ,Sunt-ppgumenta
597 4132 810 4214 probatissima
831 4147 871 4212 aa
891 4129 983 4194 rebus
1004 4127 1211 4208 sensibilibus,

1003 4234 1023 4296 9
