3014 4950
299 424 339 488 56

299 611 487 687 assequutus,
507 611 539 666 ut
559 610 619 666 tam
641 604 761 686 antiqua
784 622 840 668 nos
861 611 1056 686 possessione
1075 612 1261 676 exturbaret·
1279 614 1344 678 Hoc

298 713 330 770 ut
350 707 469 787 planum
489 704 551 784 liat,
580 706 683 786 paucis
706 707 752 768 rei
773 725 917 770 summam
935 727 1137 790 proponemus
1159 719 1247 792 atque
1268 732 1345 776 exa-

297 805 475 868 minabimus
490 806 548 881 ⁷⁹),

382 903 468 978 Quod
492 905 627 983 primum,
647 919 843 985 quaecunque
860 905 1062 986 Berengarius
1084 909 1207 988 eiusque
1229 927 1346 992 aequa-

298 1003 343 1066 les
380 1003 418 1066 de
451 1004 542 1066 Scuto
572 1021 628 1066 suo
650 1003 810 1083 dixissent,
841 1008 930 1074 etiam
953 1006 990 1067 de
1011 1007 1163 1071 Batramni
1184 1010 1259 1071 libro
1284 1011 1345 1072 dici

230 1143 231 1146 κ
298 1121 390 1184 posse
413 1103 589 1182 allirmavit,
622 1105 849 1184 commiade,
872 1106 1053 1172 librosillos
1076 1127 1137 1170 nou
1160 1110 1255 1190 duos,
1290 1111 1344 1172 sed

298 1220 387 1264 unum
409 1203 595 1283 eundemque
620 1204 722 1282 luisse,
744 1208 917 1270 conclusum
939 1208 1044 1282 voluit,
1067 1217 1113 1271 est
1135 1211 1213 1272 istud
1227 1211 1344 1292 quidem

300 1303 423 1383 aliquid,
447 1321 550 1366 verum
572 1305 601 1365 in
624 1322 661 1366 eo
682 1324 870 1387 nequaquam
891 1315 961 1370 sunt
982 1312 1090 1370 onmia.
1114 1310 1244 1371 Haberet
1263 1318 1346 1373 certe

298 1403 346 1464 ius
368 1421 453 1467 suum
489 1404 530 1464 ita
554 1403 753 1466 concludendi
778 1407 804 1468 si
828 1407 959 1488 pluribus
983 1409 1031 1470 ille
1054 1410 1133 1472 Scoti
1156 1410 1233 1472 liber
1255 1412 1345 1473 nobis

299 1502 466 1583 descriptus
488 1509 581 1576 esset,
603 1521 679 1583 quae
701 1508 822 1567 omnino
845 1508 875 1568 iu
891 1507 1044 1570 Retramni
1063 1527 1136 1590 opus
1149 1511 1343 1589 quadrarent,

297 1619 355 1664 nec
379 1601 466 1663 lacile
492 1604 523 1663 in
545 1603 661 1666 duobus
684 1603 807 1668 duorum
827 1589 981 1668 auctorum
1003 1607 1086 1669 libris
1111 1615 1180 1671 tam,
1201 1610 1280 1670 inter
1310 1627 1345 1671 se

298 1700 406 1762 similia
437 1707 562 1781 possent
599 1703 735 1782 reperiri.
777 1707 817 1768 At
847 1707 1025 1786 paucissima
1056 1713 1167 1768 tantum
1202 1707 1240 1768 de
1262 1709 1344 1770 Scoti

297 1801 375 1864 libro
399 1809 679 1882 commemorantur,
705 1811 793 1884 atque
816 1821 863 1882 ea,
887 1806 1052 1885 exquibus
1074 1806 1345 1888 faciliuscolligas,

300 1899 451 1964 diversum
476 1902 555 1964 illurn
587 1903 781 1966 oRatramui
813 1904 890 1967 libro
924 1905 1037 1984 luisse,
1070 1923 1156 1984 quarn
1185 1924 1251 1969 cum
1284 1906 1344 1968 hoc

297 2018 386 2064 unum
407 2001 605 2081 eundemque.
823 1987 825 1992 ’
921 2016 923 2020 ·

379 2101 433 2166 Est
454 2102 584 2184 quidem,
606 2103 637 2164 ut
659 2101 820 2164 nonnullae
838 2119 889 2165 res
914 2101 952 2163 de
966 2103 1056 2166 Scoto
1076 2105 1135 2165 siut
1148 2105 1343 2184 scriptae80),

301 2269 573 2284 μ’

333 2365 380 2438 79)
398 2365 567 2440 Quamquam
593 2365 660 2415 haec
687 2381 727 2416 res
747 2365 829 2432 digna
849 2373 897 2426 est,
917 2383 986 2434 quae
1007 2370 1155 2420 accuratius
1176 2369 1342 2438 exploretur.

397 2453 500 2507 Multas
519 2461 607 2504 sutem
627 2460 690 2503 saint
706 2471 811 2518 causae,
831 2471 899 2524 quae
918 2471 975 2516 nos,
995 2457 1138 2524 quominus
1158 2455 1210 2508 iam
1229 2457 1343 2508 nuncid

397 2550 571 2611 praestemus,
591 2539 748 2608 impediant.

255 2701 257 2705 .
332 2645 380 2712 80)
398 2645 432 2697 cf.
454 2645 544 2696 tants.
565 2646 582 2696 l.
602 2662 624 2696 c.
645 2663 672 2714 p.
691 2643 751 2708 763,
771 2643 830 2696 765.
866 2644 943 2712 Quae
962 2662 987 2714 p.
1008 2645 1059 2700 763
1077 2647 1217 2715 leguntur:
1237 2647 1342 2704 „Caroli

396 2733 492 2800 magni,
512 2731 703 2782 antecessoris“
723 2769 730 2786 .
749 2768 772 2793 .,
798 2730 870 2801 apud
893 2731 1063 2794 Dacherium,
1099 2733 1136 2784 ita
1166 2749 1193 2782 se
1226 2732 1341 2781 habent:

399 2819 504 2883 „Caroli
523 2818 613 2886 magni
630 2817 877 2872 antecessoris..·.“
905 2848 938 2860 -
958 2819 1037 2890 Apud
1056 2819 1149 2870 Mansi.
1176 2805 1261 2885 (eoric.
1290 2816 1341 2866 col·

401 2913 466 2957 tom.
495 2904 556 2956 XIX
581 2905 634 2966 col.
656 2904 754 2976 736Α)
786 2905 912 2972 scriptum
936 2903 988 2956 est:
1020 2905 1126 2962 „Caroli
1152 2903 1240 2970 magni
1266 2909 1343 2950 aute-

400 2992 542 3043 cessoris.‘¹
563 3019 597 3030 -
621 2991 728 3060 Quodsi
762 2991 789 3040 in
819 2991 866 3041 illa
894 2993 1045 3061 Berengarii
1066 2992 1144 3058 epist.
1163 2990 1195 3039 ad
1221 2985 1343 3040 Richard-

399 3087 490 3149 potest
516 3079 587 3146 legi:
612 3078 755 3139 ‚‚noverit“
780 3077 970 3146 (ticiniensi,
993 3094 1039 3128 res
1059 3077 1223 3148 Gallorum),
1255 3090 1344 3144 „quoe

399 3165 494 3217 scribit
522 3167 637 3216 Ioannes
666 3165 775 3226 Scotus,
809 3165 913 3215 morritu
941 3163 1001 3215 euru
1026 3165 1163 3233 scripsisse
1192 3164 1344 3233 praecario·
1405 3195 1407 3202 κ

399 3267 452 3322 que
481 3252 571 3302 Caroli
602 3253 690 3318 magni
715 3253 891 3302 antecessoris
921 3253 962 3302 sui
985 3282 991 3300 .
1013 3284 1020 3300 .
1043 3258 1079 3314 .‚‘¹
1099 3279 1132 3290 -
1161 3267 1215 3317 quo
1236 3250 1293 3300 iure
1312 3266 1344 3300 es

397 3337 528 3390 hocloco
546 3337 699 3406 colligitur,
731 3338 829 3388 librum
848 3337 943 3399 illum,
974 3351 1053 3406 quem
1083 3345 1186 3406 spectat
1212 3337 1345 3405 Berenga-

397 3425 471 3488 rius,
501 3423 729 3490 eodemmodo,
756 3424 937 3476 aeliatraruni
960 3441 1036 3494 opus,
1054 3425 1183 3492 scriptum·
1204 3423 1285 3476 fuisso
1317 3431 1346 3475 et

396 3511 504 3571 missum
536 3511 571 3563 sd
601 3512 746 3575 „carolum
779 3528 903 3578 magnum
932 3509 1157 3580 imperatorem“?
1182 3541 1217 3554 -
1240 3509 1344 3562 Deinde

401 3597 469 3651 haec
486 3600 544 3669 ipsa
563 3599 653 3660 verbu,
671 3601 805 3650 listramni
826 3597 897 3649 lib'ro
922 3599 1084 3667 praemissa,
1111 3617 1166 3651 non
1191 3601 1275 3668 ipsius
1293 3601 1345 3650 Ra-

398 3688 496 3739 tramni
521 3703 580 3739 esso
607 3685 753 3737 credimus:
781 3702 843 3736 uum
869 3686 898 3736 in
922 3685 1108 3755 antiquissimo
1135 3687 1228 3738 codice
1256 3704 1292 3744 m,
1314 3687 1357 3749 s.,¹

400 3791 481 3844 quem
507 3774 612 3826 Mobill.
639 3777 709 3844 (acta
732 3772 831 3824 Beued.
856 3789 925 3824 saec.
945 3774 989 3824 lV.
1009 3781 1071 3826 tom.
1090 3777 1124 3825 ll.
1145 3773 1229 3844 prael.
1249 3791 1276 3823 n.
1296 3771 1343 3844 83)

398 3860 478 3923 vidit,
494 3862 533 3912 its
550 3863 678 3931 scriptum
698 3860 770 3912 luit:
797 3859 916 3930 „incipit
934 3860 1002 3912 liber
1020 3861 1155 3916 Retramni
1181 3859 1215 3910 de
1233 3875 1345 3926 corpore

399 3957 428 4002 et
447 3949 576 4016 sanguiue
597 3949 714 4000 Domini.
750 3950 878 4010 iussistis,
897 3949 1012 4024 gloriose
1030 3951 1184 4017 Princeps-‘⁴
1204 3977 1238 3988 -
1268 3946 1346 4022 Nihil

400 4035 520 4106 denique
533 4035 613 4090 estin
629 4053 672 4099 eo,
691 4035 765 4106 quoti
780 4036 884 4099 scotus,
904 4035 998 4088 eodem
1010 4043 1097 4104 pacto,
1112 4051 1166 4103 quo
1178 4035 1345 4094 Rusticianus,

402 4122 492 4176 Caroli
509 4125 582 4177 iussu
601 4125 737 4194 scripsisse
759 4123 865 4186 dicitur,
883 4140 964 4193 quum
984 4124 1012 4174 in
1030 4120 1202 4179 Gothescalci
1221 4137 1299 4172 causa
1319 4127 1346 4170 et
