3014 4950
302 421 344 487 bd

300 603 365 665 lloo
388 601 584 682 fragmentum
608 598 680 658 nihil
703 585 782 660 alind
804 599 884 678 agit,
913 599 971 659 nisi
989 604 1021 660 ut
1043 615 1067 660 s.
1089 598 1277 680 Hieronymi,
1313 616 1341 664 s.

301 701 469 781 Augustini,
489 715 513 762 s.
527 699 664 780 Gregorii
685 716 779 778 papae
797 699 873 759 locis
895 716 981 781 qupm
1004 699 1136 778 plurimis
1157 717 1257 761 veram
1273 701 1342 764 lesu

301 801 410 863 Christi
440 801 469 860 in
493 817 518 862 s.
539 797 726 860 Eucharistia
757 799 955 877 praesentiam
990 799 1129 862 ostendat
1151 807 1238 879 atque
1261 819 1341 862 con-

300 903 406 963 sumet.
430 899 545 960 ·blinus
568 898 686 977 quidem
714 906 844 979 apertum
875 905 921 959 est
952 898 1104 960 hincmari
1131 900 1344 979 testinnonium,

301 990 478 1062 nec'tauren
503 998 543 1074 id,
563 1000 642 1078 qnod
666 1016 789 1077 prorsus
811 1000 849 1060 sit
871 985 1092 1079 negligendum.
1120 1001 1241 1062 Acerbe
1262 1003 1341 1062 enim

300 1101 331 1161 in
351 1099 427 1160 libro
440 1116 503 1160 suo
527 1098 564 1159 de
585 1098 858 1178 praedestinatione
869 1102 912 1176 ⁷³)
934 1105 1042 1161 notans
1071 1116 1193 1161 errores
1223 1099 1343 1180 aliquot,

301 1203 331 1263 in
362 1217 437 1280 quos
469 1199 646 1260 incidissent
678 1217 702 1261 s.
731 1199 907 1261 Prudentius
937 1205 968 1260 et
1001 1199 1130 1262 loannes
1161 1199 1343 1280 Scotigena:

302 1300 391 1377 „Sunt
411 1307 441 1360 et
473 1297 565 1377 alia“‚
590 1300 699 1378 inquit,
721 1317 814 1379 ,quaa
840 1345 848 1361 .
874 1345 882 1360 .
906 1345 914 1360 .
937 1307 1042 1362 contra
1063 1299 1145 1361 Fidei
1169 1299 1343 1362 Catholicae

303 1399 455 1460 veritatem
473 1398 591 1459 dieunt:
612 1397 752 1459 videlicet
766 1447 773 1460 .
789 1443 797 1459 .
812 1444 819 1458 .
837 1397 917 1478 quod
933 1404 1149 1460 sacramentum
1165 1397 1264 1460 altaris
1282 1416 1344 1459 non

303 1517 405 1559 verum
426 1515 535 1579 corpus
557 1505 587 1558 et
608 1516 698 1560 verus
721 1499 844 1578 sanguis
864 1499 902 1559 sit
925 1499 1054 1576 Domini,
1078 1498 1133 1559 sed
1153 1505 1264 1559 tautum
1278 1516 1345 1558 me-

301 1599 395 1661 moria
420 1600 484 1660 veri
508 1599 643 1678 corporis
668 1605 698 1660 ¹et
718 1593 873 1679 sanguinis
894 1599 986 1660 eius.“
1029 1599 1112 1672 Quae
1136 1615 1197 1675 res,
1226 1615 1292 1658 cum
1313 1599 1344 1659 in

302 1717 326 1760 s.
358 1699 545 1762 Prudentinm
574 1698 654 1760 nullo
686 1705 773 1779 pacto
805 1699 916 1760 cadere
953 1705 1040 1777 queat
1052 1703 1105 1777 ⁷⁶),
1137 1699 1167 1760 in
1202 1698 1345 1760 loannem

301 1801 422 1862 Scotum
445 1799 544 1876 cadat,
567 1817 694 1861 necesse
717 1805 772 1862 est.
816 1799 930 1873 Quodsi
964 1801 995 1860 iu
1023 1801 1144 1862 Scotum
1177 1799 1272 1878 eadit,
1305 1815 1346 1860 ex

302 1900 380 1970 libro
404 1899 503 1979 aliquo
531 1901 623 1978 ipsius
645 1899 718 1960 vbis
743 1898 841 1961 doctis
871 1899 960 1978 petita
988 1883 1123 1980 videtur,
1158 1899 1228 1962 ideo
1264 1898 1345 1980 quod
1402 1945 1405 1952 .

303 1999 436 2078 reliquos
456 1999 520 2060 sere
542 2015 673 2075 errores,
695 1999 744 2078 qui
765 1999 802 2059 ab
823 1998 983 2060 llincmaro
1006 1998 1117 2060 ibidem
1137 1999 1347 2080 perstringun-

389 2199 469 2260 llaec
492 2217 575 2276 vero,
598 2199 713 2279 siquid
735 2198 865 2279 scrupuli
886 2201 916 2261 in
933 2201 1032 2262 animo
1047 2205 1151 2262 nostro
1167 2198 1347 2278 relinquant,

304 2306 397 2362 toturn
419 2299 448 2360 id
470 2317 487 2360 a
510 2300 694 2381 Berengario
716 2299 881 2362 Turonensi
903 2306 933 2360 et
954 2299 1096 2380 quidquid
1111 2298 1347 2361 iere-doctorum

303 2401 453 2462 hominum
476 2417 541 2461 cum
567 2417 604 2460 eo
634 2401 724 2478 uixit,
760 2399 830 2461 inde
865 2399 1020 2461 eximetur.
1062 2399 1154 2476 Nam,
1183 2404 1214 2460 nt
1241 2397 1348 2478 paucis

304 2500 384 2561 hanc
407 2517 470 2561 rem
499 2499 806 2579 comprehendamus,
839 2507 959 2579 praeter
990 2500 1085 2580 ipsum
1121 2499 1347 2578 berengarium,

305 2600 355 2680 qui
376 2599 539 2660 innumeris
563 2598 627 2660 lere
647 2599 723 2661 locis
745 2599 850 2660 librum
872 2599 993 2661 loannis
1015 2598 1096 2660 Secti
1119 2599 1156 2659 de
1176 2615 1201 2660 s.
1224 2597 1345 2660 Eucha-

306 2699 390 2762 ristia
411 2697 522 2775 laudat,
557 2699 606 2777 qni
630 2715 697 2758 eum
719 2698 818 2760 Caroli
841 2700 924 2780 regis
944 2699 1026 2760 iussn
1049 2699 1193 2759 adversus
1214 2697 1345 2760 Pascha-

306 2799 382 2861 sium
410 2800 551 2878 scripturn
581 2815 651 2859 esse
683 2800 742 2875 ait,
780 2799 903 2878 eiusque
933 2798 1040 2878 placita
1061 2799 1118 2861 sibi
1140 2797 1204 2860 sola
1226 2795 1347 2878 probari

308 2888 463 2960 contendit
475 2901 527 2976 ⁷⁵),
548 2916 610 2960 uon
632 2899 725 2961 solum
747 2897 856 2979 singuli
876 2899 1013 2962 homiues
1036 2899 1127 2977 docti,
1148 2899 1197 2979 qui
1218 2899 1267 2960 vel
1285 2899 1349 2980 pri-

307 3000 398 3061 vatim
428 2997 477 3060 vel
507 2997 626 3079 publice
658 2998 688 3060 in
719 2997 926 3081 theologorum
956 2995 1154 3065 conventibus
1185 3015 1251 3061 cnm
1283 3000 1349 3082 ipso

312 3149 658 3170 *ffi———n

408 3269 435 3320 p.
455 3250 490 3303 30
515 3268 572 3321 seq.
599 3279 633 3294 -
658 3258 687 3304 et
717 3251 782 3306 ertit.
808 3252 833 3302 lt
858 3251 938 3303 Parr's.
959 3267 982 3300 a.
1002 3248 1186 3301 htbccxxltt
1205 3267 1281 3320 seqq.
1302 3249 1351 3300 tol.

409 3347 474 3390 tom.
493 3337 513 3402 1,
541 3355 567 3406 p.
595 3337 644 3390 150
670 3355 727 3408 aeq.
763 3319 1046 3406 Scribuntpraeteraa
1063 3335 1097 3387 de
1117 3335 1262 3389 Adrevaldi
1280 3336 1352 3388 libro

413 3443 473 3478 cnm
495 3409 542 3478 alti
561 3435 616 3478 tum
636 3425 699 3479 hist.
720 3426 804 3478 litter.
822 3425 856 3476 da
874 3424 900 3475 la
918 3426 1018 3476 Franco
1039 3431 1103 3475 tom.
1121 3423 1146 3475 V
1163 3441 1191 3493 p.
1208 3421 1266 3475 519.
1284 3453 1316 3466 —-

347 3513 393 3580 73)
417 3513 481 3583 Cap.
499 3514 543 3565 31.

348 3599 395 3668 74)
415 3601 448 3652 cf.
469 3599 542 3652 Mat.
563 3607 614 3652 act.
631 3599 731 3650 Rened.
752 3615 821 3649 saec.
837 3597 882 3659 lV,
900 3613 961 3666 pars
978 3594 1002 3646 11
1020 3595 1100 3664 praef.
1120 3613 1148 3647 n.
1170 3595 1226 3648 132.
1245 3623 1279 3638 -

351 3688 398 3757 75)
417 3689 451 3739 cl.
479 3691 591 3756 Bareng.
621 3690 698 3757 epist.
725 3686 759 3738 ad
779 3683 902 3738 Richard.
925 3682 996 3754 apud
1015 3683 1112 3735 Manui.
1129 3683 1148 3734 l.
1169 3700 1190 3734 c.
1208 3692 1273 3734 tom.
1293 3683 1353 3736 xix

413 3775 537 3826 columna
555 3774 646 3827 735Α
671 3791 727 3844 aeq.
762 3804 794 3816 -
827 3770 917 3824 Eiusd.
949 3772 1028 3840 epist.
1054 3771 1089 3822 ad
1114 3771 1253 3822 Laut'ranc.
1280 3769 1367 3840 apud‘

411 3861 508 3913 Mauri.
528 3861 545 3912 Ι.
565 3878 587 3918 c.
606 3861 730 3914 columna
748 3858 799 3912 768
817 3861 912 3911 n—b.
929 3887 963 3898 -
985 3857 1077 3909 Eiurd.
1095 3855 1222 3927 ephobad
1237 3857 1354 3908 bucella.

413 3948 486 4018 apud
503 3949 600 4001 Mauri.
619 3949 638 4000 l.
657 3967 681 4000 e.
698 3948 820 4001 columna
841 3945 921 3998 7550
932 3975 966 3986 —
977 3944 1070 3998 trab.
1100 3941 1198 3994 Eadem
1216 3943 1298 4013 plane
1313 3959 1355 3996 rea

414 4036 568 4107 saepissime
589 4037 670 4088 etiam
693 4039 721 4087 in
742 4035 791 4086 illo
810 4033 961 4103 Berengarii
980 4031 1052 4083 libro
1079 4030 1196 4097 legitur,
1222 4045 1303 4102 quem
1321 4029 1357 4083 G.

417 4123 446 4176 E.
465 4125 585 4192 Lessing.
603 4139 638 4176 ex
655 4120 782 4175 biblioth.
804 4121 943 4174 Goellerb.
960 4119 1059 4190 primur
1077 4117 1156 4170 eruit.
1175 4145 1209 4160 -
1310 4131 1314 4136 ·
1389 4155 1392 4162 .
